3036 5032
419 474 484 540 198
772 481 807 538 n.
826 488 1043 539 nunrnorn.

258 664 382 757 llb¹¹⁸⁰m⁰i
384 714 402 754 L
422 649 676 734 quinquaginta
693 650 863 733 expletis:
893 649 1019 713 unde'
1009 669 1045 712 m
1069 666 1133 713 suo
1143 646 1289 732 jubilaeo
1313 667 1378 731 po-

293 717 350 756 ω
423 752 506 834 pulo
527 772 590 816 suo
613 771 651 816 se
666 751 824 815 exhibuit
839 752 1043 833 gratiosum,
1065 768 1146 812 nam
1163 749 1232 813 reis
1249 749 1380 833 majes-

423 852 507 915 tatis
531 871 605 915 suae
634 852 740 933 regiae
756 849 905 915 offensas
928 856 964 914 et
989 855 1103 913 reatus
1129 847 1284 926 indulsit,
1300 849 1380 914 vin-

423 950 557 1015 culatos
574 952 681 1016 libere
707 951 803 1015 abire
829 949 996 1033 permisit,
1023 948 1143 1013 exules
1161 967 1298 1031 quoque
1326 968 1387 1012 re-·

423 1052 588 1126 vocavit3
636 1051 679 1115 ad
719 1050 921 1134 petitionem
958 1049 1062 1114 etiam
1106 1047 1380 1125 communitatis,

424 1169 548 1215 causus
561 1151 597 1214 in
608 1151 729 1232 lingua
739 1157 907 1226 materna,
918 1156 954 1212 et
971 1169 1040 1213 non
1054 1156 1234 1226 extranea,
1244 1147 1379 1216 versari

419 1250 545 1333 jussit:
569 1250 729 1333 filiosque
740 1269 823 1314 suos
839 1247 1041 1315 Leonellum
1058 1247 1140 1312 iecit
1158 1249 1279 1312 ducem
1298 1247 1380 1313 Gla-

424 1350 557 1430 rentiae,
586 1357 621 1416 et
664 1349 881 1414 Edmundum
923 1349 1083 1412 comitem
1119 1346 1380 1431 Centobriggiae

424 1449 588 1515 instituit.

477 1549 575 1614 Obiit
602 1550 706 1614 etiam
735 1548 802 1612 hoc
830 1565 920 1612 enno
945 1546 1104 1611 dominus
1128 1545 1283 1610 loannes
1304 1545 1380 1629 epi·

357 1637 363 1657 ’
426 1667 553 1735 scopus
583 1647 856 1726 Lincolniensis3
887 1645 944 1711 cui
970 1646 1149 1723 successit,
1179 1645 1380 1728 provisione

426 1749 556 1813 domini
580 1769 694 1832 papae,
716 1748 873 1812 dominus
895 1746 919 1811 J
921 1765 1051 1812 oannes
1076 1747 1120 1810 de
1143 1744 1379 1828 Bokingham.

428 1849 588 1914 Decessit
605 1850 710 1913 etiam
730 1847 795 1912 hoc
811 1867 901 1912 anno
924 1847 1084 1911 dominus
1109 1846 1286 1910 Robertus
1307 1847 1381 1929 epi-

427 1967 553 2031 scopus
572 1948 812 2024 cicestrensis,
830 1945 897 2012 cui¹
917 1966 1010 2030 papa
1027 1945 1178 2029 providit
1193 1945 1235 2009 de
1251 1947 1383 2028 magis·

425 2056 481 2113 tro
499 2047 686 2113 Willielmo
705 2047 838 2131 Lynne.

476 2244 585 2312 Anno
603 2248 744 2312 Donrnr
770 2261 1006 2321 moeonxrrn,
1025 2252 1060 2310 et
1074 2246 1166 2327 regis
1184 2242 1382 2327 Anglorum

427 2345 591 2411 Edwardi
626 2346 720 2412 tertii
754 2364 846 2410 anno
875 2364 1032 2422 xxxvia,
1068 2345 1225 2428 quidam,
1254 2345 1380 2428 spiritu

427 2447 597 2512 diabolico
632 2447 788 2522 excitati,
816 2463 942 2528 corpus
974 2444 1155 2528 cujusdam
1188 2444 1381 2508 sacerdotis

427 2547 464 2608 in
494 2553 645 2628 quatuor
675 2552 791 2629 partes
822 2544 1010 2608 Londoniis
1037 2544 1259 2624 dividebant3
1293 2563 1382 2626 quas

429 2664 491 2727 per
513 2653 663 2728 quatuor
684 2652 802 2728 partes
826 2645 929 2709 dictae
954 2644 1108 2708 civitatis
1133 2643 1381 2709 contemtibili-

429 2751 482 2809 ter
502 2744 732 2828 projecerunt.
778 2742 949 2809 Auctores
974 2751 1089 2809 autem
1116 2743 1220 2827 hujus
1242 2743 1383 2807 sceleris

428 2843 463 2907 in
481 2845 668 2926 publicum,
695 2863 803 2927 usque
830 2841 914 2907 ad²
919 2862 1084 2926 praesens,
1101 2844 1252 2907 nondum
1278 2863 1383 2908 vene·

265 2961 416 3050 speramns
429 2952 522 3008 runt.
575 2943 677 3021 Item,
693 2944 759 3008 hoc
776 2963 880 3022 anno,
898 2963 989 3006 nono
1003 2944 1059 3008 die
1077 2942 1249 3018 OctobriS,
1268 2944 1382 3007 tenuit

265 3013 360 3103 lilii.
430 3040 622 3110 Edwardus
655 3045 778 3109 tertius
812 3042 1000 3108 Londnniis
1035 3061 1141 3106 unum
1173 3040 1382 3126 parliamen-

428 3151 514 3222 tum,
532 3163 554 3208 a
567 3162 636 3226 quo
653 3145 769 3223 nullus
785 3162 932 3226 magnus
948 3161 985 3206 se
1002 3143 1115 3226 potuit
1133 3160 1319 3207 excusare.
1346 3143 1381 3207 in

429 3264 497 3326 quo
517 3263 618 3308 omne
643 3252 882 3309 ornamentum
908 3261 1050 3306 aureum
1076 3242 1151 3307 sive
1178 3248 1382 3324 argenteum

431 3350 508 3406 crat
527 3343 740 3421 damnatum,
764 3344 897 3408 scilicet
913 3344 950 3406 in
967 3341 1127 3420 cultellis,
1144 3341 1305 3424 cingulis,
1322 3360 1384 3406 on-

426 3442 530 3520 nulis,
564 3443 760 3520 monilibus,
786 3451 821 3508 et
849 3443 885 3506 in
911 3443 1035 3506 ceteris
1061 3442 1299 3526 corporalibus
1326 3462 1382 3507 or-

431 3543 622 3622 namentis3
645 3543 712 3606 nisi
742 3541 846 3606 suerit
875 3541 968 3620 tulis,
987 3540 1046 3625 qui
1074 3561 1138 3625 per
1168 3561 1297 3606 annum
1321 3559 1379 3606 xi..
1456 3604 1458 3608 .

428 3640 533 3706 libras
551 3649 668 3724 posset
684 3641 889 3724 expendere.

478 3740 661 3806 Venerunt
691 3741 794 3807 etiarn
821 3741 857 3805 in
886 3735 1062 3823 Angliam,
1088 3740 1155 3805 hoe
1178 3760 1281 3818 anno,
1311 3747 1383 3806 tres

427 3980 467 4030 lris
484 3995 556 4032 neme
576 3984 628 4032 still
645 3999 734 4034 occurs
748 3985 774 4033 in
790 3985 832 4035 the
852 4001 893 4036 ce·
953 3983 1053 4035 'From
1078 3987 1129 4036 this
1151 3987 1298 4049 expression
1321 3987 1384 4038 Hell

426 4051 515 4101 lendsr
532 4051 561 4102 of
576 4052 619 4103 the
637 4053 709 4103 Book
729 4055 759 4104 cl
772 4055 892 4105 Common
918 4057 994 4118 again
1011 4056 1122 4106 deduces
1141 4057 1183 4106 the
1198 4055 1338 4106 likelihood
1358 4057 1387 4107 oi

397 4159 400 4166 .
427 4121 535 4182 Prayer.
917 4126 968 4174 this
984 4127 1110 4176 chronicle
1126 4126 1221 4190 having
1236 4129 1300 4176 been
1314 4129 1383 4176 writ-

917 4197 1238 4260 tenbyacontenrporary.
1259 4197 1384 4302 Seesute,

463 4245 773 4335 ¹‘Sc.ecclesiae,'Holl.
846 4325 849 4331 .
917 4267 1012 4326 p..196
1089 4288 1092 4294 ·
