3010 5030
434 493 500 558 146
773 514 808 561 Α.
827 512 1042 560 uuaruuru.

1036 591 1046 616 a

271 685 405 726 manau.
435 668 795 746 Westmonasterium,
825 668 917 752 quod
937 669 1076 733 duravit
1099 667 1175 734 'sere
1203 688 1265 751 per
1295 689 1392 733 men-

272 736 398 783 parliament

273 790 295 824 ut
305 785 372 825 Wart-

270 835 367 876 minster.

269 2484 377 2526 Edward’t

267 2536 330 2575 letter
338 2540 360 2576 to

435 788 518 834 sem.
570 769 615 832 In
629 788 698 851 quo
714 769 944 851 parliamento
958 768 1040 834 seuit
1054 768 1163 832 filium
1177 787 1276 832 suum
1296 771 1392 852 prin-

434 869 544 952 cipem
571 869 732 949 Walliae;
759 876 795 932 et
817 870 854 932 iu
882 869 1001 934 eodem
1030 869 1256 951 parliamento
1282 869 1391 934 habc-

433 970 559 1035 bantur
582 976 752 1035 tractatus
775 970 914 1047 diversi,
933 977 968 1034 et
986 969 1159 1053 praecipue
1181 969 1224 1032 de
1244 970 1335 1034 lunis
1356 979 1392 1036 et

433 1070 586 1134 decerto
611 1069 723 1152 pretio
750 1070 935 1134 statuendo
958 1089 1063 1153 super
1083 1070 1181 1152 ipsis,
1198 1071 1389 1136 secundum

432 1163 588 1234 diversas
607 1177 723 1253 partes
747 1169 845 1252 regni
876 1170 1082 1252 apponendo
1103 1169 1252 1252 pretium
1275 1173 1389 1254 magis

433 1278 469 1335 et
495 1271 629 1344 minus;
654 1276 689 1334 et
718 1269 761 1333 de
789 1268 1094 1335 consuetudinibus
1118 1269 1294 1335 solvendis
1324 1292 1388 1355 pro

432 1370 534 1447 lanis,
556 1368 729 1448 videlicet,
760 1377 830 1434 tros
863 1388 999 1434 marcas
1025 1388 1103 1434 cum
1140 1368 1282 1435 dimidio
1324 1392 1388 1455 pro

433 1470 587 1553 quolibet
631 1488 733 1534 sacco
783 1475 884 1535 extra
926 1468 1093 1552 Angliam
1138 1469 1386 1536 transferendo.

434 1570 536 1648 Item,
566 1570 600 1634 in
634 1570 753 1634 eodem
782 1570 1010 1652 perhamento
1053 1570 1192 1636 fuerunt
1228 1570 1387 1654 deputati

432 1671 519 1734 certi
543 1670 659 1733 nuncii
679 1669 856 1734 adsedem
881 1670 1120 1753 apostolicam,
1147 1671 1312 1736 destinati
1342 1673 1387 1737 ad

432 1770 650 1835 tractandum
666 1771 708 1834 de
723 1789 820 1852 pace,
835 1777 937 1852 prout
953 1771 988 1834 in
1003 1771 1097 1835 diota
1112 1778 1237 1852 treuga
1249 1772 1386 1854 plenius

432 1870 639 1936 continetur.
692 1871 746 1934 De
772 1889 919 1954 quorum
945 1871 1146 1935 nunciorum
1177 1872 1387 1950 nominihus,

433 1978 469 2035 et
483 1975 668 2053 potestate,
683 1977 780 2052 patet
805 1989 867 2052 per
885 1971 1130 2054 transcriptum
1145 1971 1254 2036 literae
1278 1973 1386 2037 desti-

433 2077 526 2136 natae
541 2090 604 2154 por
618 2089 687 2148 eos,
706 2070 806 2154 cujus
822 2076 922 2134 tenor
942 2070 1084 2136 inferius
1100 2069 1307 2138 continetur.

493 2262 635 2310 LITERAE
658 2261 928 2311 thUS'l'RlSSlMl
947 2263 1059 2326 *REGIS
1084 2227 1259 2312 unwanni
1283 2265 1334 2312 AD

842 2363 977 2411 PAPAM.

481 2469 701 2536 ²Uurvsusrs
724 2478 912 2554 praesentes
936 2471 1055 2535 literas
1076 2471 1293 2554 inspecturis
1314 2471 1385 2537 Ed·

268 2571 568 2636 creentvr-warlus
597 2571 667 2634 Dm
692 2573 806 2653 gratia
830 2592 893 2638 rex
922 2571 1060 2654 Angliae
1088 2579 1123 2638 et
1154 2571 1323 2651 Franciae,
1348 2581 1385 2636 et

428 2671 588 2736 dominus
608 2659 798 2748 Hiberniae,
816 2672 978 2736 salutem.

479 2771 681 2836 ‘Noveritis
714 2771 807 2854 quod
841 2774 886 2837 ob
916 2771 1142 2836 reverentiam
1173 2772 1382 2836 sanctissimi

428 2873 464 2936 in
482 2870 645 2936 Chulsro
660 2873 770 2954 patris
786 2871 915 2935 domini
939 2871 1138 2949 Clementis,
1155 2871 1286 2937 Divina
1300 2892 1381 2954 pro-

429 2972 590 3048 videntia,
608 2991 709 3054 papae
725 2972 827 3049 sexti,
841 2980 877 3036 et
891 2972 984 3035 sedis
1009 2972 1221 3053 apostolicae‚
1239 2992 1280 3036 ac
1301 2974 1380 3055 [oh]

427 3072 635 3138 laboriosam
652 3073 850 3136 instantiam
867 3073 1133 3137 reverendorum
1148 3080 1300 3155 patrum,
1313 3073 1382 3138 Pe-

427 3174 473 3237 tri
505 3172 755 3248 Penestrensis
784 3180 820 3236 et
851 3171 1013 3237 Ambaldi
1052 3173 1380 3250 Tuscanulanensis,

427 3273 680 3355 episcoporum,
706 3273 750 3336 ad
773 3291 836 3336 nos
853 3292 974 3356 nuper,
989 3273 1070 3336 dum
1087 3292 1223 3337 eramus
1236 3275 1273 3337 in
1300 3274 1379 3337 Bri·

428 3373 559 3450 tannia,
599 3372 844 3454 [venientium]
888 3392 952 3455 pro
991 3372 1234 3438 reformatione
1282 3375 1379 3458 pacis

426 3473 516 3538 inter
537 3492 600 3536 nos
622 3479 658 3536 et
679 3474 973 3554 consanguineum
992 3483 1148 3538 nostrum
1165 3473 1380 3558 Philippum,

427 3573 583 3655 [treuga]
598 3573 675 3636 suh
706 3581 802 3636 certa
828 3572 940 3637 forma
963 3575 1051 3637 inita
1068 3575 1114 3637 sit
1140 3583 1176 3638 et
1194 3573 1381 3654 formatas

462 3715 469 3745 ¹
487 3717 534 3766 See
556 3716 598 3764 the
617 3715 747 3779 following
769 3677 842 3766 letter
863 3719 889 3766 in
916 3695 1038 3779 quosdam
1049 3721 1147 3766 nostros
1155 3717 1260 3766 nuncios
1269 3734 1329 3767 oum
1337 3736 1380 3782 po-

427 3789 529 3849 Ryurer,
547 3802 572 3837 v.
591 3791 647 3848 366,
665 3786 749 3836 where
765 3788 786 3835 it
808 3789 831 3836 is
851 3789 888 3836 in-
914 3792 1005 3836 testute
1016 3788 1150 3837 sufficienti
1166 3789 1193 3835 in
1208 3803 1241 3836 ea
1252 3795 1326 3849 parte
1338 3791 1380 3839 de·

425 3857 888 3920 scupea‘Detraetandocorampa·
914 3859 1026 3920 signatos
1053 3858 1088 3906 ad
1115 3859 1253 3906 Romanum
1282 3861 1378 3910 curiam

425 3943 460 3990 pa
481 3928 523 3994 (ut
543 3942 651 3989 persona
678 3925 788 3991 privata)
811 3943 889 3989 super
913 3929 1011 3977 mittere
1029 3927 1183 3988 debeamus3
1200 3930 1379 3990 nos,volentos

425 4013 488 4060 pace
500 4013 557 4047 cum
569 3997 690 4059 Philippo
701 3998 823 4048 Valesiu'
913 4013 944 4046 ea
954 4014 1013 4060 quae
1025 3999 1050 4046 in
1062 3999 1125 4059 ipsis
1142 3999 1238 4060 treugis
1250 4001 1379 4048 continen-

459 4066 470 4095 ²
485 4067 590 4117 Instead
607 4069 635 4120 of
649 4068 718 4116 what
739 4067 839 4116 follows
861 4068 887 4115 in
911 4072 962 4130 tur,
973 4073 1097 4130 quatenus
1114 4068 1148 4116 ad
1163 4083 1209 4117 nos
1225 4069 1326 4132 attinet,
1337 4072 1379 4118 oh·

424 4138 467 4187 the
483 4142 547 4201 text,
563 4154 592 4187 as
604 4139 647 4188 r'ar
664 4153 693 4187 as
711 4137 846 4199 ‘Hugouis
862 4138 886 4186 le
911 4153 1021 4200 servare,
1038 4153 1068 4186 ao
1088 4139 1120 4187 de
1139 4138 1269 4202 fidelitate,
1287 4146 1313 4189 et
1332 4141 1379 4189 cir-

425 4209 583 4271 Dispenser‚'
594 4210 697 4270 Rymer,
707 4225 732 4258 v.
743 4211 799 4270 366,
816 4209 886 4270 gives
910 4210 1097 4270 cumspectione
1109 4209 1377 4271 provida‚dileotorum

423 4279 465 4328 the
476 4279 606 4342 following
614 4281 728 4328 version:
746 4278 802 4327 ‘Ac
809 4281 886 4340 juxta
910 4283 936 4327 et
946 4279 1059 4328 fidelium
1069 4285 1210 4328 nostrorum
1221 4279 1343 4354 Hugonjs
1354 4283 1376 4330 le

423 4350 537 4412 ejusdem
570 4356 668 4411 treugae
698 4349 884 4411 continentiam,
911 4346 1134 4410 Desponser‚’etc.
