3036 5032
491 495 749 546 courruuarro.
1026 479 1091 546 177

140 653 278 740 Angliee
302 675 346 721 ex
373 664 457 722 tunc
479 657 516 721 in
537 655 716 722 obsidione
738 654 833 718 villae
859 652 1018 732 Calesiae,
1044 655 1089 718 ab

138 757 221 822 olim
237 756 446 841 Angligenis
462 757 707 834 infestissimae,
724 775 786 840 per
807 773 937 818 aunum
958 761 995 819 et
1016 773 1089 820 am·

19 913 20 928 ,
137 857 229 939 plius
247 857 445 924 demoratus
462 866 525 923 est.

182 957 264 1037 Quo
280 959 386 1024 etiam
404 978 509 1036 anuo,
527 956 693 1024 xv11.die
715 956 888 1033 Octobris
906 962 981 1019 erat
1001 954 1085 1020 illud
1101 973 1203 1040 Bautegr

137 1058 266 1122 bellum
287 1059 411 1141 ingens
434 1066 470 1123 et
488 1067 592 1123 atrox
613 1059 703 1122 inter
717 1055 887 1138 Anglicos
908 1063 945 1120 et
962 1055 1086 1122 Scotos
1100 1023 1200 1114 gilli&

139 1158 232 1241 apud
252 1159 497 1225 Dunelmiam:
521 1158 591 1242 qui,
613 1157 657 1222 ad
683 1156 941 1240 instigationem
957 1163 992 1221 et
1009 1177 1087 1240 pro-

137 1258 351 1324 curationem
366 1260 458 1342 regis
478 1259 704 1336 Francorum,
721 1266 847 1323 terram
863 1255 1013 1338 Angliae,
1027 1277 1087 1322 ex-

136 1359 291 1425 cedendo
305 1360 391 1424 fines
408 1367 445 1424 et
461 1359 603 1437 limites,
618 1358 787 1442 usquead
811 1359 923 1422 locum
941 1357 1085 1440 praedic-

137 1467 211 1526 tum
235 1467 465 1538 accesserant,
485 1460 557 1536 ubi,
574 1457 692 1523 divina
706 1458 845 1524 favente
869 1457 1010 1535 virtute,
1024 1477 1084 1540 po-

137 1560 271 1624 tissime
287 1580 350 1644 per
368 1560 497 1626 elerum
514 1560 781 1636 Eboraceusem,
803 1556 1007 1642 quibusdam
1023 1557 1083 1622 lai-

134 1661 186 1724 cis
203 1659 393 1745 adjunctis,
406 1681 475 1725 nou
495 1660 571 1724 sine
587 1655 788 1724 confusione
798 1666 835 1723 et
846 1659 1084 1723 erubescentia

135 1768 219 1825 sunt
227 1760 380 1826 contriti.
397 1760 501 1844 Capti
511 1767 592 1825 suut
600 1759 726 1824 ibidem
739 1779 802 1823 rex
815 1758 955 1836 Scotiae,
967 1758 1082 1824 David

16 1889 18 1902 =
136 1860 169 1924 le
192 1861 320 1944 Bruys,
351 1859 582 1926 ¹Willielmus
610 1861 778 1943 Duglass,
798 1868 833 1926 et
859 1859 996 1943 quidam
1022 1860 1083 1924 alii

133 1961 288 2028 nobiles:
325 1961 431 2027 ceteri
464 1969 582 2027 autem
614 1981 659 2025 ex
693 1961 775 2038 illis,
800 1960 861 2044 qui
883 1959 974 2024 bello
996 1979 1083 2044 prae·

132 2061 228 2128 dicto
252 2063 454 2139 intererant,
468 2061 562 2144 fugae
577 2059 731 2126 subsidio
748 2080 786 2125 se
802 2060 982 2126 dederunt.

184 2261 295 2328 Auuo
318 2262 460 2328 Donum
488 2270 796 2340 u.coo.xnv11.,et
829 2261 922 2345 regis
951 2260 1083 2345 Angla
1093 2273 1238 2376 fflgpgme

133 2382 209 2428 rum
244 2363 409 2428 Edwardi
446 2363 540 2428 tertii
573 2383 663 2427 anno
698 2379 796 2440 ω,
827 2363 920 2431 circa
956 2364 1190 2430 festumenuu.

133 2463 244 2530 sancti
270 2463 529 2541 Bartholomeei,
545 2462 729 2546 Philippus
750 2483 814 2528 rex
838 2463 1004 2542 Franciee,
1023 2465 1084 2548 qui

132 2563 176 2628 ad
203 2563 460 2628 dissolvendum
494 2563 707 2628 obsidionem
733 2563 880 2629 Calesiae
904 2585 974 2633 nou
1001 2585 1081 2649 pro·

131 2664 189 2728 cul
223 2670 429 2742 accesserat,
462 2663 614 2728 diluculo
644 2664 735 2728 clam
769 2663 919 2747 aufugit,
953 2667 1082 2732 relictis

132 2765 291 2830 tentoriis
320 2784 400 2829 cum
430 2764 640 2828 victualibus
662 2765 798 2830 abunde
829 2765 987 2832 refertis:
1011 2786 1081 2850 quo

132 2865 221 2943 viso,
243 2864 425 2930 confestim
462 2862 675 2928 Galesieuses
694 2865 928 2932 'reddiderunt
960 2866 1079 2932 villam

131 2966 333 3048 praedictam
359 2965 437 3047 regi,
461 2962 624 3046 Angliae;
649 2965 722 3047 qui,
749 2972 891 3048 propter
913 2965 989 3049 ejus
1010 2966 1080 3030 dis-

131 3065 337 3148 positionem
376 3073 411 3130 et
445 3064 706 3142 ordinationem,
740 3065 841 3147 quasi
878 3081 940 3148 per
976 3065 1079 3152 unius

130 3165 258 3230 mensis
290 3165 442 3248 spatium
474 3165 603 3229 mansit
632 3165 769 3230 ibidem.
835 3164 1003 3244 Tandem,
1033 3166 1076 3230 ad

129 3267 332 3331 instantiam
359 3263 489 3330 domini
514 3284 636 3349 papae,
650 3284 816 3332 concessa
838 3273 963 3348 treuga
988 3266 1078 3331 inter

129 3367 198 3431 duo
214 3386 333 3449 regna.

179 3467 259 3534 Rex
279 3466 484 3544 Edwardus,
500 3465 594 3530 circa
607 3467 732 3531 festum
751 3468 863 3532 sancti
880 3467 1076 3546 Michaelis,
1087 3488 1221 3539 nauus

129 3568 164 3631 in
199 3564 365 3650 Angliam
409 3573 463 3631 est
506 3585 685 3646 reversns;
727 3568 788 3632 sed
821 3568 858 3634 iu
889 3542 1232 3648 redeundo,ffi‡¹¹r}1¹i²0¹11⁰du

128 3669 219 3732 sicut
241 3665 416 3750 quondam
438 3667 481 3731 de
505 3666 686 3733 Britannia
714 3668 843 3733 Minori
869 3669 1076 3751 repatrians,
1086 3645 1192 3742 ἵιῖἓῖῗηῖἷ

126 3769 314 3832 maximam
345 3772 585 3852 tempestatem
610 3787 794 3850 perpessus
826 3775 879 3832 est
904 3769 941 3831 in
975 3770 1075 3846 mari,

128 3870 185 3932 ubi
203 3867 372 3951 quosdam
396 3867 553 3932 valentes
576 3867 703 3932 milites
721 3875 757 3931 et
783 3868 910 3950 probos
934 3865 977 3932 de
1000 3869 1075 3933 suis

126 3970 252 4047 amisit,
263 3968 476 4032 nndebeatee
492 3967 631 4048 Virgini
641 3975 851 4049 conquestus
864 3973 918 4030 est
935 3967 1071 4034 dicens:

125 4069 179 4133 ‘0
196 4070 301 4134 beata
329 4067 457 4145 Maria,
475 4067 614 4133 domina
635 4087 723 4144 mea,
748 4067 829 4150 quid
853 4074 907 4131 est
929 4075 964 4132 et
990 4069 1073 4152 quid

158 4234 166 4264 ¹
182 4231 295 4287 William
316 4235 443 4298 Douglus,
458 4235 500 4284 the
518 4235 609 4298 knight
628 4235 657 4286 of
672 4236 834 4298 Liddesdale,
853 4236 988 4286 surnamed
1004 4237 1073 4286 ‘The

124 4309 221 4359 Flower
231 4309 261 4358 ol
269 4306 410 4368 Chivalry.’

897 4399 922 4446 N
