3010 5030
479 509 700 559 onnonroorr.
1003 495 1065 559 131

113 667 220 744 vensi,
241 675 275 731 et
295 667 526 748 Bangorensi,
549 666 684 731 caeteris
716 684 753 730 se
778 665 1064 741 ¹excusantihus;

113 767 153 830 ad
171 768 265 850 quod
287 765 468 832 concilium
484 767 640 844 abbates,
655 766 797 849 priores,
810 766 934 845 clerus,
950 775 985 832 et
1006 787 1065 832 ca-

113 865 236 948 pitula,
252 867 368 932 vocati
394 887 463 930 non
495 866 635 931 fuerunt
662 885 823 950 praeesse,
849 867 909 931 sed
942 868 973 932 si
1000 885 1065 932 sua

113 960 289 1031 crederent
305 968 482 1032 interesse.
534 967 578 1030 In
597 986 666 1049 quo
684 966 829 1031 concilio
846 967 958 1031 multa
973 975 1066 1032 trac-

114 1075 185 1131 tata
199 1066 341 1134 luerunt
363 1086 425 1149 pro
442 1067 614 1131 libertatis
630 1067 874 1130 ecclesiasticae
899 1068 1063 1132 observa-

112 1166 216 1244 tione,
231 1175 268 1232 et
294 1185 426 1230 morum
449 1165 703 1244 reformatione,
722 1185 799 1250 quae
815 1173 898 1230 tunc
915 1185 984 1232 non
1000 1187 1063 1249 po-

113 1273 227 1332 terunt
249 1268 444 1340 terminum
469 1266 530 1330 sed
553 1285 663 1349 nsque
686 1265 730 1330 ad
755 1266 851 1330 aliud
868 1266 1062 1345 concilium,

112 1365 269 1430 similiter
287 1367 558 1443 convocandum,
576 1366 713 1430 suerent
729 1367 846 1430 omnia
862 1377 1062 1449 prorogate.

113 1464 208 1545 [Quo
225 1466 372 1530 concilio
387 1466 568 1549 pendente,
585 1466 629 1529 ad
647 1467 923 1549 procurationem
940 1467 1063 1548 praela-

112 1573 224 1629 torum
239 1574 276 1630 et
291 1567 505 1648 quorundam
522 1567 697 1644 comitum,
718 1565 784 1629 suit
806 1565 965 1648 quaedam
991 1585 1065 1649 pax·

110 1666 332 1748 interregem
350 1673 385 1730 et
403 1666 699 1749 arehiepiscopum
720 1665 918 1741 reformata,
930 1667 1063 1730 utinam

112 1765 153 1828 nd
170 1765 336 1830 honorem
351 1766 504 1830 ecclesiae
522 1763 774 1848 Anglioanae.]²

84 1957 87 1963 .
160 1865 242 1930 Hoc
282 1885 372 1930 anno
408 1867 500 1930 circa
529 1865 728 1930 Adventum
763 1864 1195 1970 D⁰M1N121²udit⁶53¹pffi

112 1985 249 2030 numere
280 1966 374 2048 quod
417 1965 534 2030 David
574 1967 606 2030 le
645 1966 772 2049 Bruys,
805 1967 863 2048 qui
893 1966 1180 2031 diutinamseomr-

111 2085 242 2129 moram
275 2067 387 2130 traxit
419 2067 456 2129 in
488 2066 645 2130 Franoiae
681 2066 851 2148 partibus,
891 2083 1064 2130 consensu·

112 2164 265 2248 Philippi
280 2165 322 2229 de
340 2165 475 2249 Valoys
492 2165 620 2230 rediret
635 2166 671 2230 in
686 2165 837 2230 Scotiam
855 2184 931 2230 cum
948 2166 1066 2230 multi-

112 2265 230 2329 tudine
258 2273 481 2342 armatorum,
502 2273 539 2330 et
563 2272 696 2330 teneret
720 2265 769 2328 ibi
797 2264 927 2329 Natale
954 2284 1065 2347 prope

110 2365 298 2428 marchiam
320 2364 469 2447 Angliae,
484 2385 544 2430 rex
566 2365 706 2446 Anglise
729 2383 806 2428 oum
828 2365 953 2429 comite
974 2364 1063 2428 Der-

111 2465 221 2548 beyae,
239 2472 276 2529 et
296 2465 372 2530 aliis
387 2467 531 2531 armatis
546 2466 678 2549 paucis,
692 2484 730 2529 se
746 2465 926 2529 transtulit
942 2483 1063 2528 versus

112 2563 277 2642 Sentium,
297 2573 333 2630 et
354 2565 474 2630 audito
500 2567 593 2648 quod
621 2564 736 2629 David
759 2565 792 2629 le
812 2566 927 2647 Bruys
953 2565 1064 2630 voluit

111 2672 225 2729 tenere
264 2664 394 2730 Netale
429 2663 520 2748 apud
550 2664 723 2742 ³Menros,
749 2683 812 2729 rex
848 2666 1063 2748 praeveniens

113 2766 222 2829 tenuit
253 2784 355 2829 suum
378 2765 507 2829 Natale
528 2765 667 2842 ibidem,
693 2771 728 2829 et
757 2783 819 2846 per
841 2765 986 2829 nuncios
1002 2766 1063 2828 ob-

111 2865 190 2929 tulit
222 2884 261 2928 se
286 2873 447 2948 paratum
469 2885 625 2948 pugnare
652 2884 730 2929 cum
753 2864 882 2946 Scotis;
913 2864 974 2928 sed
996 2864 1064 2946 ipsi

110 2965 296 3029 noluerunt
317 2985 470 3048 pugnam
492 2965 645 3048 aliquam
668 2970 865 3046 expectare,
887 2963 948 3026 sed
970 2963 1063 3028 ultra

110 3083 204 3129 mare
221 3064 349 3130 Scotiae
369 3065 561 3129 latitarunt.
615 3064 695 3128 Rex
716 3070 831 3127 tamen
848 3069 884 3126 et
898 3063 951 3126 sui
966 3081 1062 3144 quee-
1149 3141 1150 3146 ἵ

111 3165 270 3229 siverunt
288 3164 414 3229 habere
440 3165 551 3228 facere
575 3183 653 3228 eum
674 3163 814 3239 eisdem,
839 3168 886 3238 et,
909 3179 1068 3245 quaten-2

111 3263 169 3342 do,
179 3283 326 3346 magnas
342 3264 517 3349 hyemales
538 3263 719 3345 angustias
733 3263 946 3341 tolerarunt3
973 3261 1061 3324 mul·

109 3372 235 3448 tesque
267 3364 402 3448 praedas
434 3373 611 3447 ceperunt,
637 3373 673 3428 et
705 3364 854 3446 patriam
880 3368 1063 3426 vastarunt

109 3465 250 3547 ubique.
301 3464 368 3528 Sed
398 3464 536 3546 quidam
562 3483 583 3527 a
609 3464 680 3528 suis
704 3471 740 3526 et
759 3463 900 3539 nostris,
915 3461 1017 3544 pauci
1041 3481 1063 3525 a

110 3583 196 3627 casn
212 3563 357 3628 fortuito
382 3565 586 3628 ceciderunt.
639 3563 685 3627 Et
710 3563 860 3628 finaliter
889 3562 954 3625 fuit
976 3561 1062 3625 inita

110 3683 181 3727 una
196 3671 321 3745 treuga
338 3663 506 3747 usquead
524 3663 649 3727 festum
673 3662 909 3727 Pentecostes.

148 3764 196 3828 Et
204 3765 323 3828 statim
334 3763 399 3827 suit
408 3763 657 3845 proclamatum
667 3781 774 3826 unum
785 3768 1062 3826 tournamentum
1074 3773 1191 3862 ,tssssffip
1202 3824 1223 3861 u

145 3915 154 3949 Ι
174 3919 222 3967 See
239 3917 281 3965 the
298 3917 462 3978 proeeeding⁸
482 3917 511 3964 ⁰s
525 3915 575 3964 this
600 3916 642 3965 the
669 3930 820 3978 possessore,
847 3930 876 3964 or
900 3915 942 3963 the
970 3913 1063 3963 double
1074 3873 1198 3914 numm*

110 3987 375 4048 councilinWilkins,
386 3987 466 4034 nuder
477 3985 518 4034 the
530 3986 576 4033 fol·
600 3986 699 4034 oonncil
718 3984 748 4034 ol
767 3986 870 4033 London
898 4000 930 4032 on
961 3983 1066 4047 general·

109 4060 206 4120 lewing
225 4071 309 4120 years,
326 4057 364 4105 for
383 4057 403 4104 it
421 4057 444 4104 is
459 4055 576 4104 doubtful
601 4056 743 4118 discipline,
754 4057 780 4104 in
792 4059 864 4104 1342.

108 4127 224 4177 whether
246 4127 289 4176 the
315 4132 369 4178 text
385 4125 463 4174 refers
485 4130 511 4173 to
534 4125 576 4174 the
636 4156 778 4207 ,Omitted
793 4158 820 4206 in
829 4158 895 4206 Nm
911 4125 969 4204 'DX

108 4199 210 4248 council
237 4198 297 4245 held
328 4201 354 4244 ut
376 4195 532 4256 Centerbury
550 4195 576 4242 in
896 4191 904 4218 ’
940 4193 946 4204 ‘
972 4193 978 4204 '

110 4273 187 4330 1³⁴1,
198 4268 299 4329 against
310 4266 381 4316 those
393 4266 450 4314 who
461 4264 577 4314 solicited
636 4259 705 4309 ¹Sic
716 4259 776 4309 MS.
794 4259 898 4307 Melros.
934 4257 1064 4319 Knighton

109 4339 246 4399 beneficas,
262 4337 355 4397 during
370 4336 411 4384 the
428 4335 532 4384 liletime
552 4335 581 4382 of
603 4333 656 4381 also
667 4332 713 4379 has
725 4328 862 4379 ‘Menros’
906 4403 923 4446 2

873 4413 891 4446 rr
