3010 5030
434 487 500 552 126
771 503 806 550 n.
833 501 1049 551 nunrnuru.

483 659 614 726 Eodem
630 677 721 724 anno
739 659 1018 743 archiepiscopus
1041 657 1253 735 Cantuarioe,
1270 657 1391 723 videns

433 761 526 844 qnod
546 779 622 834 rex,
645 767 763 844 spreto
785 758 928 826 oonsilio
952 777 1094 826 suorum
1119 777 1336 842 magnorum,
1352 778 1392 823 ac

433 860 640 944 sapientium
650 860 758 943 regni,
770 880 948 945 pravoque
959 879 1041 926 usus
1048 859 1223 944 juniorum
1233 859 1390 934 consilio,

433 962 530 1027 velut
539 962 629 1028 alter
644 961 815 1039 Roboarn,
828 968 908 1045 post
923 961 1110 1026 adventum
1119 980 1219 1026 suum
1228 960 1271 1026 de
1283 960 1393 1025 ultra-

432 1060 574 1127 marinis
597 1062 767 1146 partibus,
786 1071 826 1127 ut
846 1081 954 1147 supra
973 1062 1103 1126 dictum
1125 1067 1189 1138 est,
1208 1079 1329 1126 omnes
1343 1060 1391 1126 of-

433 1161 562 1227 ficiales
578 1181 660 1228 suos
676 1163 720 1226 ab
737 1161 858 1228 officiis
875 1162 948 1228 suis
966 1162 1108 1238 amovit,
1127 1169 1162 1227 et
1181 1162 1218 1227 in
1234 1161 1321 1228 locis
1338 1160 1390 1224 di·

432 1263 542 1327 versis
558 1263 689 1328 carceri
705 1263 928 1347 mancipavit,
946 1263 1086 1347 scripsit
1102 1263 1212 1328 eidem
1233 1261 1308 1345 regi
1325 1262 1391 1326 sub

434 1361 501 1428 hao
516 1363 639 1430 forma.

558 1527 690 1578 biunna
717 1529 994 1577 Ancuiurisoorl
1019 1529 1103 1576 REG!
1134 1527 1252 1576 MISSA.

341 1675 386 1744 ‘⁸9
483 1661 606 1726 ‘Tuus
626 1661 711 1728 doce
727 1663 901 1744 seignour,
917 1680 1004 1728 vous
1021 1661 1132 1742 plaise
1148 1658 1277 1735 saveir,
1295 1679 1339 1742 qe
1354 1659 1389 1726 la

294 1737 389 1868 ’ΞΤ
432 1761 511 1842 plus
535 1761 739 1828 souveraine
762 1761 867 1850 chose
901 1781 943 1844 qe
969 1761 1057 1828 tient
1088 1760 1139 1824 les
1165 1760 1249 1838 reis,
1270 1767 1307 1824 et
1337 1760 1388 1828 les

362 1853 368 1865 ‘
433 1861 569 1943 princes
583 1881 626 1926 en
644 1862 711 1928 due
731 1870 767 1929 et
792 1861 1001 1928 convenable
1023 1866 1126 1938 estat,
1143 1860 1173 1925 si
1191 1866 1245 1927 est
1266 1861 1336 1926 bon
1354 1867 1389 1928 et

433 1979 518 2043 sege
545 1963 686 2040 conseil,
713 1969 749 2028 et
777 1982 843 2045 pur
866 1982 929 2028 ceo
954 1969 1009 2028 est
1029 1961 1168 2044 esoript,
1193 1967 1230 2026 et
1253 1961 1279 2026 li
1303 1980 1388 2043 sago

433 2061 504 2127 dist
535 2081 578 2127 en
605 2082 663 2128 ces
693 2069 785 2128 metz
813 2062 874 2128 des
906 2061 1066 2140 conseils,
1092 2068 1166 2130 uest
1192 2080 1231 2128 as
1256 2062 1387 2138 savoir,

432 2162 533 2240 bons,
559 2162 702 2246 illoeqes
730 2163 754 2228 il
782 2183 805 2246 y
831 2163 876 2228 ad
902 2168 1047 2242 saunte;
1083 2169 1118 2228 et
1151 2181 1219 2244 pur
1247 2181 1309 2227 ceo
1335 2169 1389 2228 est

432 2264 562 2346 escript
584 2283 627 2328 en
654 2263 687 2328 le
712 2263 799 2328 livre
825 2264 868 2328 de
895 2263 995 2342 Rois,
1013 2283 1056 2346 qe
1083 2262 1259 2340 Salamon,
1276 2264 1312 2345 qi
1334 2262 1388 2328 snt
1498 2279 1499 2284 ’

432 2362 465 2428 le
481 2364 559 2446 plus
584 2382 668 2446 sago
694 2365 746 2430 roi
767 2365 803 2447 qi
826 2383 933 2448 unqes
950 2363 1015 2442 sut,
1031 2363 1120 2446 prist
1133 2363 1254 2428 devers
1271 2363 1321 2427 lui
1337 2363 1387 2429 les
1498 2369 1499 2400 ³

432 2463 511 2546 plus
533 2464 696 2530 aunciens
716 2471 831 2546 gertr,
860 2472 895 2533 et
926 2465 1005 2547 plus
1026 2483 1130 2546 suges
1151 2463 1194 2530 de
1222 2462 1258 2531 la
1284 2470 1388 2540 terre,

432 2583 497 2646 par
529 2565 565 2647 qi
596 2565 787 2630 nuisement
821 2572 857 2630 et
891 2563 970 2632 ¹son
999 2572 1089 2642 sent,
1119 2563 1145 2630 il
1177 2561 1265 2630 tieut
1296 2569 1387 2630 totcs

433 2664 528 2730 voies
542 2665 578 2730 ln
590 2672 681 2730 terre
691 2665 734 2731 de
745 2665 855 2734 Israel
867 2685 910 2730 en
919 2666 1035 2748 quiete
1048 2672 1084 2732 et
1096 2683 1140 2728 en
1151 2683 1232 2746 pees
1246 2685 1255 2743 ;
1279 2670 1316 2730 et
1326 2683 1387 2730 ou-

432 2771 485 2830 tre
501 2784 563 2832 ceo
580 2772 695 2834 tontes
721 2765 771 2830 les
797 2767 867 2832 rois
891 2772 1015 2832 entonr
1038 2765 1089 2830 lui
1116 2771 1275 2847 estoyent
1299 2785 1321 2830 a
1347 2783 1387 2832 sa

433 2865 626 2932 volountee.
672 2867 718 2932 Et
738 2886 840 2950 apres
857 2885 898 2933 sa
920 2872 1011 2932 mort
1030 2884 1138 2948 regna
1152 2883 1215 2928 son
1236 2864 1296 2930 fitz
1314 2864 1387 2930 Ro·

431 2965 568 3045 boham,
585 2975 621 3032 et
646 2968 835 3034 entorlessa
851 2966 884 3032 le
906 2967 976 3032 bon
989 2965 1119 3032 conseil
1147 2964 1208 3032 des
1224 2966 1388 3030 aunciens

432 3075 468 3132 et
494 3087 596 3150 suges
625 3068 661 3152 qi
684 3074 834 3154 avoycnt
861 3074 934 3132 este
962 3087 1028 3132 ove
1054 3085 1118 3132 son
1135 3066 1240 3148 picra,
1267 3073 1304 3130 et
1331 3066 1389 3132 fist

434 3188 535 3251 apres
558 3169 590 3234 ia
615 3169 745 3235 conseil
760 3169 822 3234 des
844 3168 984 3250 joesnes
1007 3174 1121 3250 genta,
1139 3165 1175 3249 qi
1198 3167 1247 3231 lui
1270 3167 1386 3249 volny-

431 3277 491 3335 ent
512 3269 634 3354 plaire,
654 3278 689 3333 et
714 3269 772 3352 poi
801 3269 1022 3352 enlavoyent,
1040 3287 1104 3350 por
1129 3267 1211 3349 quai
1236 3266 1261 3334 il
1290 3267 1387 3350 perdi

431 3376 505 3436 tote
531 3389 570 3434 sa
593 3376 683 3434 terre
704 3367 862 3445 d'Israel,
880 3369 976 3434 solve
998 3368 1033 3434 ia
1060 3366 1235 3436 douzisnre
1261 3368 1386 3450 partie,

313 3491 315 3495 ·
431 3478 467 3533 et
483 3489 526 3533 en
544 3489 673 3539 mesore
692 3469 727 3536 la
744 3489 881 3537 monere
902 3469 1063 3553 plusonrs
1081 3469 1152 3534 rois
1173 3467 1335 3546 d’Israel,
1351 3474 1387 3532 et

431 3570 492 3634 dos
514 3576 631 3636 autres
650 3578 771 3648 terres,
789 3577 875 3636 ount
891 3576 964 3638 este
981 3571 1124 3638 muesn
1144 3567 1306 3636 mischioi
1323 3587 1387 3652 par

430 3671 585 3753 malveys
602 3671 741 3738 conseil.

482 3771 563 3850 ‘Et,
584 3772 664 3848 sire,
688 3771 749 3854 q'il
770 3791 814 3838 ne
835 3790 921 3837 vous
947 3770 1116 3852 desplese,
1135 3789 1221 3834 vous
1241 3769 1274 3835 le
1301 3789 1387 3852 poen

430 3874 637 3937 remembrer
662 3872 704 3936 de
731 3879 829 3939 votre
854 3879 977 3954 temps,
997 3889 1062 3954 qur
1087 3890 1151 3953 par
1180 3870 1213 3938 le
1240 3870 1388 3940 malvais

430 3973 560 4038 couseil
586 3991 630 4057 qe
660 3980 757 4040 notre
773 3973 853 4049 sire,
872 3978 970 4040 votre
988 3971 1093 4055 piare,
1110 3971 1146 4054 qi
1172 3970 1299 4039 Druux
1328 3989 1386 4035 as-

430 4073 545 4138 soille!
570 4072 678 4152 auoit,
702 4075 728 4138 il
744 4074 803 4140 fist
828 4073 974 4156 prendre
992 4079 1111 4140 contre
1139 4071 1174 4136 la
1200 4071 1257 4154 ley
1274 4071 1318 4140 de
1344 4091 1389 4138 sa

429 4180 532 4251 terre,
560 4182 596 4238 et
623 4175 658 4238 la
683 4174 797 4239 Grant
825 4174 983 4250 chartre,
1009 4172 1060 4238 les
1086 4173 1197 4256 pieros
1226 4179 1261 4236 et
1285 4179 1388 4240 autre

840 4350 847 4379 ¹
866 4352 874 4380 ‘
882 4351 1009 4400 consentt’
