3010 5030
418 475 483 542 132
772 489 808 537 A.
827 489 1043 538 nutriuntur.

422 650 514 734 apud
534 648 740 726 Dunstable,
763 647 818 714 die
838 648 945 712 Lunae
962 655 1043 712 ante
1061 643 1374 727 Quadragesimanr

423 759 506 815 tunc
522 750 685 814 futuram.
718 747 800 830 1[Εῐ
818 747 1026 829 rexAngliee
1038 755 1092 811 est
1109 765 1267 810 reversus
1283 744 1379 809 cirea

423 851 548 915 testum
571 849 815 915 conversionis
832 849 943 912 sancti
961 847 1077 924 Pauli,
1091 865 1183 911 anno
1200 845 1299 927 regni
1321 845 1377 907 sui

424 951 687 1031 sextodecimo]
752 948 808 1012 Ad
847 947 938 1030 quod
973 953 1250 1012 tournamentum
1281 945 1379 1009 venit

425 1051 525 1134 quasi
552 1057 627 1114 tote
645 1049 813 1133 juventus
831 1056 1041 1112 armatorum
1062 1045 1211 1128 Angliae,
1229 1044 1288 1108 sed
1312 1043 1379 1107 ali·
1500 1077 1501 1144 t

424 1151 578 1232 enigenae
595 1148 692 1216 nulli.
737 1146 803 1212 2In
823 1167 891 1231 quo
905 1153 1147 1212 tournamento
1161 1145 1226 1210 fuit
1239 1164 1314 1222 rex,
1332 1143 1376 1207 ad

425 1250 564 1315 modum
589 1257 705 1314 tamen
730 1248 894 1331 simplicis
922 1247 1062 1325 militis3
1094 1246 1236 1310 fuerunt
1259 1252 1294 1310 et
1320 1263 1376 1308 oo·
1500 1311 1501 1320 χ

425 1351 526 1414 mites
552 1368 669 1413 omnes
692 1347 840 1432 juvenes
872 1347 981 1429 regui,
1006 1346 1165 1410 videlieet
1193 1345 1377 1428 Derbe'yae,
1500 1327 1501 1354 ³

424 1449 614 1526 Warewilr,
632 1447 945 1531 Northamptoniae,
964 1444 1201 1522 Penebrokiae,
1215 1444 1380 1522 Oxoniae,

426 1549 690 1621 Southfolchiae;
710 1549 769 1612 sed
784 1546 968 1614 abfuerunt
979 1547 1122 1611 comites
1134 1544 1377 1622 Gloueestriae,
1500 1551 1501 1636 Q

426 1649 636 1726 Arundeliee,
656 1647 836 1726 Devoniae,
859 1647 1063 1723 Warreniee,
1086 1653 1121 1710 et
1145 1645 1379 1728 Huntyngdo-

425 1751 504 1827 niae,
523 1769 609 1832 quos
632 1755 718 1813 aetas
740 1756 775 1812 et
792 1747 973 1812 infirmitas
991 1752 1257 1810 excusaverunt.
1310 1745 1377 1809 Sed

424 1851 583 1926 barones,
601 1856 672 1913 tam
695 1848 737 1911 de
761 1848 866 1912 borea
881 1865 982 1931 quam
999 1846 1076 1911 aliis
1096 1847 1251 1929 partibus
1268 1844 1378 1927 regni,

424 1949 672 2028 interiireruut;
691 1948 742 2012 ita
752 1948 843 2031 quod
857 1967 992 2012 summe
1002 1946 1150 2010 militum
1161 1944 1377 2027 galeatorum

426 2048 469 2112 ad
494 2049 662 2113 ducentos
686 2049 940 2132 quinquaginta
957 2046 1083 2110 milites
1101 2045 1301 2126 etamplius
1324 2065 1377 2109 as-

426 2150 602 2215 condebat.
654 2147 722 2212 Sed
751 2149 802 2212 ita
825 2148 922 2213 tarde
947 2148 1128 2211 exiverunt
1150 2147 1187 2209 in
1204 2164 1380 2228 campum,
1466 2225 1468 2228 .

425 2250 517 2331 quod
540 2269 610 2314 nox
628 2250 774 2313 obscura
796 2247 1041 2330 superveniens
1057 2245 1158 2329 quasi
1182 2251 1293 2309 totum
1316 2264 1376 2308 ne·

425 2351 558 2430 gotium
576 2349 779 2432 impedivit3
807 2350 858 2412 ite
875 2348 965 2431 qnod
984 2348 1044 2411 vix
1067 2346 1184 2410 decem
1204 2346 1283 2428 equi
1301 2344 1376 2409 fue·

426 2456 508 2513 runt
547 2449 685 2531 perditi,
717 2448 773 2512 vel
812 2448 945 2512 lucreti.
1020 2445 1149 2510 Postea
1183 2465 1265 2509 vero
1297 2465 1374 2522 rex,

424 2550 579 2624 comites,
604 2555 639 2629 et
666 2548 811 2612 barones
831 2567 869 2612 se
890 2547 1141 2612 transtulerunt
1165 2544 1375 2622 Londonias,

424 2649 607 2712 tractaturi
624 2648 705 2730 quid
719 2648 831 2712 forent
845 2649 880 2711 in
898 2653 1020 2711 aestate
1032 2646 1169 2710 facturi.
1223 2644 1325 2720 Item,
1341 2646 1376 2708 in

423 2748 597 2830 quindena
615 2746 760 2812 Paschae
776 2748 915 2812 suerunt
936 2747 1090 2829 graviter
1109 2744 1196 2821 laesi,
1212 2745 1375 2822 mutilati,

423 2855 458 2911 et
484 2847 607 2929 perditi
635 2847 735 2911 multi
758 2849 850 2930 equi,
877 2856 913 2912 et
938 2847 1095 2910 dominus
1119 2844 1299 2910 Johannes
1333 2844 1377 2908 de

425 2947 660 3011 Bello-monte
674 2949 819 3012 occisus

475 3047 574 3122 Item,
586 3047 678 3113 circa
692 3047 816 3112 festum
829 3047 1051 3112 Ascensionis
1061 3047 1156 3111 venit
1169 3064 1284 3110 eomes
1300 3045 1376 3110 Ha·

423 3147 547 3223 noniae,
564 3146 676 3212 frater
696 3151 825 3230 reginae
849 3147 1033 3230 Philippa,
1048 3147 1085 3209 in
1103 3144 1288 3228 Angliarn3
1313 3166 1375 3229 per
1458 3173 1462 3180 ·

423 3265 525 3328 quem
546 3247 674 3311 fiebant
698 3245 885 3311 hastiludia
907 3247 997 3330 apud
1025 3245 1178 3322 Eltham,
1198 3247 1258 3308 ubi
1282 3245 1372 3314 idem

422 3364 537 3410 comes
559 3347 594 3411 in
613 3347 755 3410 brachio
771 3347 971 3411 laedebatur.
1094 3393 1096 3400 ,

474 3446 577 3523 Item,
599 3444 664 3509 hoc
697 3465 788 3509 anno
817 3447 979 3511 vicesimo
1002 3453 1127 3529 quarto
1149 3446 1205 3510 die
1228 3443 1373 3528 Aprilis,

287 3535 300 3572 Ρ
422 3563 514 3609 anno
542 3546 682 3610 Donrnr
710 3562 934 3622 mesonma,
953 3546 1173 3628 pontificatus
1197 3546 1375 3612 Benedicti

423 3665 522 3728 papae
533 3645 727 3709 duodecimi
743 3664 833 3709 anno
843 3655 979 3722 octavo,
989 3654 1172 3728 postquam
1184 3645 1271 3709 idem
1284 3666 1376 3729 papa

422 3745 600 3809 ecclesiam
611 3753 750 3810 rexerat
759 3747 858 3809 annis
872 3754 1016 3828 septem,
1025 3746 1199 3809 mensibus
1213 3753 1375 3828 quatuor,

422 3844 543 3908 diebus
571 3843 734 3927 quinque,
762 3846 847 3909 obiit
872 3845 961 3908 idem
991 3845 1199 3909 Benedictus
1225 3865 1317 3928 papa
1340 3847 1373 3910 iri

420 3944 551 4030 palatio
568 3964 631 4008 suo
639 3943 833 4022 Avinionae,
841 3944 932 4028 quod
949 3946 1023 4026 ipse
1035 3947 1169 4026 magnis
1180 3947 1374 4028 sumptibus

420 4044 591 4121 dilatavit,
607 4054 640 4108 et
655 4046 690 4107 in
704 4044 849 4108 ecclesia
860 4043 1045 4108 Avinionae
1060 4044 1125 4107 suit
1140 4044 1312 4126 sepultus;
1338 4055 1372 4110 et

523 4211 531 4242 ¹
550 4201 698 4264 Omittedin
709 4216 784 4277 Nero,
795 4215 831 4264 D.
839 4227 865 4262 x.

524 4281 534 4311 ²
550 4285 603 4334 The
615 4290 666 4334 rest
675 4286 705 4334 oi
712 4285 762 4334 this
773 4284 917 4346 paragraph
929 4285 951 4333 is
962 4285 1065 4334 omitted
1076 4286 1102 4333 iu
1115 4286 1189 4347 Nero,
1201 4284 1235 4333 D.
1242 4297 1269 4334 x.
