3036 5032
506 477 726 525 οιιιιοιιιοοιι.
1028 459 1095 527 169

142 634 366 700 Gallicorum.
403 632 517 712 Quam
545 634 682 716 quidem
705 633 930 710 obsidionem,
955 634 1095 700 domino
1130 653 1133 658 ·

141 735 309 800 Waltero.
331 735 464 816 Manny
487 735 659 799 existente
681 733 768 798 duce
793 735 951 816 provido,
979 754 1093 799 comes

20 861 22 922 ι
144 835 283 900 Derbiae
300 854 378 900 cum
399 835 556 899 exercitu
578 853 642 898 suo
656 827 813 898 'viriliter
836 834 973 898 assiluit
998 854 1093 900 more

20 927 21 976 l
140 934 237 1013 belli;
272 935 332 1018 qui
357 935 508 1000 breviter
521 934 664 998 obtenta
686 934 841 1010 victoria,
859 941 895 997 et
916 934 1093 1001 obsidione

141 1034 264 1112 fracta,
277 1035 434 1099 hostibus
452 1032 556 1098 etiam
574 1033 747 1116 propulsis
763 1034 799 1097 in
814 1033 946 1114 fugam,
965 1034 1092 1100 multos

19 1161 20 1230 j
141 1135 332 1217 prostravit
352 1134 389 1198 in
411 1153 470 1199 ore
496 1133 624 1216 gladii;
660 1134 803 1197 comites
826 1153 908 1198 vero
934 1133 988 1197 del
1021 1132 1093 1199 Isle

140 1244 175 1299 et
194 1233 404 1317 Valentyne,
435 1253 514 1298 cum
543 1232 662 1298 multis
690 1232 777 1310 aliis,
807 1251 922 1296 secum
947 1233 1093 1299 deduxit

19 1345 20 1384 ι
140 1333 309 1416 captivos.

190 1433 279 1499 Post
307 1433 372 1498 hoc
400 1453 495 1510 vero,
520 1433 555 1497 in
584 1432 770 1508 redeundo,
787 1440 985 1516 conquestae
1011 1443 1216 1544 ειιιιῐιιινιιιιιειπθ

142 1534 232 1598 villae
249 1534 293 1597 de
312 1533 480 1616 Peragor,
499 1532 604 1610 Lisle,
622 1540 657 1598 et
680 1531 897 1615 Mountgret,
916 1533 1088 1612 Pictavia,
1104 1507 1193 1595 inii.

18 1665 19 1668 ¹
140 1641 174 1698 et
191 1635 283 1698 aliae.
329 1634 463 1698 Deinde
487 1633 637 1717 quidem,
654 1632 751 1698 habit
737 1640 773 1697 to
791 1641 944 1715 tempore
959 1642 1092 1717 optato,

139 1733 347 1816 procedebat
369 1734 543 1798 exercitus
571 1753 690 1799 versus
715 1733 832 1797 villam
856 1732 1022 1815 Aguilou,
1046 1737 1091 1800 ad

18 1855 19 1896 ι
138 1834 432 1918 conquerendum
457 1853 561 1916 quam
585 1854 662 1897 cum
686 1841 935 1916 expugnasset,
952 1854 1021 1899 non
1039 1836 1092 1899 ul·

138 1941 191 1998 tro
208 1941 271 1998 ant
297 1934 388 1998 lente
411 1953 449 1997 se
462 1933 623 2011 reddidit,
642 1933 702 1997 sed
724 1934 878 1997 maxima
895 1935 928 1998 vi
944 1943 1090 2017 cogente

138 2041 329 2118 conquesta
346 2034 421 2098 fuit.
463 2032 507 2097 In
523 2053 565 2098 ea
581 2034 760 2116 siquidem,
776 2033 867 2099 sicut
888 2034 922 2097 in
944 2035 1021 2098 aliis
1037 2035 1088 2101 lo-

138 2135 186 2197 cis
202 2142 238 2198 et
256 2134 403 2217 oppidis,
417 2133 510 2198 villis
527 2141 562 2198 et
577 2133 718 2211 villulis,
735 2135 830 2216 prius
848 2133 960 2217 captis
977 2142 1012 2199 et
1034 2135 1087 2199 lu-

138 2236 254 2311 cratis,
276 2235 377 2318 copia
403 2252 516 2297 rerum
545 2234 746 2299 victualium
773 2233 972 2300 abundabat
1002 2236 1088 2299 satis

138 2334 329 2412 affluenter,
344 2335 394 2398 ita
416 2341 455 2398 ut
480 2341 552 2397 tam
582 2354 628 2398 ex
656 2334 721 2411 his,
736 2353 839 2416 quam
862 2354 907 2398 ex
931 2334 1088 2418 redemp-

139 2435 289 2499 tionibus
303 2435 532 2518 captivorum,
550 2441 586 2498 et
601 2434 707 2498 lucris
725 2435 769 2497 ab
790 2432 947 2498 hostibus
971 2435 1087 2500 multi-

137 2535 271 2616 pliciter
292 2534 584 2618 provenientibus,
602 2541 696 2599 totus
712 2534 884 2599 exercitus
907 2554 1087 2618 prospera-

138 2635 239 2700 batur
275 2636 312 2699 in
348 2634 491 2699 divitiis.
544 2634 656 2716 Super
691 2654 761 2717 quo
799 2633 981 2718 Philippus
1023 2656 1087 2701 rex

140 2735 296 2800 Franciae
322 2735 474 2799 maxime
498 2734 735 2812 contristatus,
754 2742 790 2799 et
811 2737 911 2818 quasi
933 2736 969 2799 in
992 2735 1087 2801 lirro-

138 2854 208 2899 rem
249 2836 415 2918 agitatus
456 2835 550 2898 misit
589 2834 767 2900 dominum
805 2834 829 2899 J
833 2835 1001 2899 ohannem
1044 2837 1087 2902 de

139 2935 298 3014 Francia,
323 2935 431 2999 filium
457 2955 571 3012 sunm,
595 2942 631 3001 et
658 2934 744 2998 ahos
771 2942 951 3016 magnates
967 2955 1087 3016 quam·

137 3035 252 3118 plures
268 3035 401 3100 validos
417 3042 452 3101 et
473 3035 775 3112 nominatissimos
802 3054 880 3098 cum
903 3054 1087 3101 numerosa

138 3136 367 3212 multitudine,
391 3143 462 3200 tam
490 3143 700 3200 armatorum
729 3155 831 3218 quam
864 3135 1086 3218 pedestrium,

137 3256 282 3351 quorum
299 3255 432 3302 summa
454 3255 491 3300 se
509 3235 666 3300 extendit
689 3235 731 3299 ad
750 3242 885 3299 centum
904 3236 1011 3299 millia
1026 3235 1085 3300 ho

136 3337 266 3401 minum
284 3344 319 3401 et
344 3335 503 3419 amplius,
524 3356 587 3419 pro
611 3335 788 3399 obsidione
808 3335 968 3419 ponenda
993 3335 1086 3401 circa

135 3437 255 3501 villam
271 3436 437 3518 Aguilon,
450 3436 550 3520 cujus
566 3435 724 3500 custodia
738 3437 859 3500 baroni
875 3436 917 3500 de
934 3436 1084 3502 Stafford
1097 3457 1143 3498 ιιι
1149 3458 1212 3497 ιι
1182 3459 1212 3507 ιι
1213 3459 1246 3508 ι,

137 3538 427 3602 committebatur.
477 3536 523 3600 Et
556 3536 706 3615 interim,
739 3536 915 3601 obsidione
946 3537 1082 3621 quidem
1097 3509 1166 3598 sadi}
1164 3509 1215 3606 (¹1⁶
1206 3511 1240 3598 ’ἀι

137 3638 310 3720 imposita,
342 3644 381 3701 ut
403 3636 616 3720 praedicitur,
651 3635 810 3700 dominus
832 3636 1010 3701 Johannes
1041 3639 1084 3702 de
1096 3609 1226 3710 1ἷιῗιιιθᾱ

139 3738 287 3803 Francia
309 3737 604 3802 sacramentaliter
620 3736 754 3820 juravit
775 3757 812 3801 se
838 3737 917 3802 inde
938 3739 1085 3803 nullate-

138 3858 202 3902 nus
225 3838 298 3903 fore
314 3857 527 3902 recessurum
546 3837 745 3920 prinsquam
771 3837 888 3901 villam
915 3858 1084 3922 conques-

139 3946 256 4015 tasset,
293 3945 328 4002 et
358 3937 486 4002 malam
520 3944 665 4002 mortem
697 3936 900 4018 ingessisset
929 3939 1083 4004 inclusis.

139 4038 454 4123 Appropinqnante
486 4044 602 4102 autem
634 4037 722 4100 sesto
745 4038 856 4102 sancti
890 4038 1085 4118 Michaelis,

142 4159 216 4203 cum
245 4139 339 4203 dicta
365 4138 498 4202 obsidio
524 4138 572 4202 ibi
602 4137 813 4202 consedisset
843 4158 906 4220 pro
932 4146 1086 4223 tempore

141 4259 206 4304 non
215 4240 364 4316 modico,
374 4238 521 4304 multum
531 4237 742 4321 expendens,
757 4257 878 4320 parum
892 4239 1086 4321 proficiens,
