3010 5030
499 436 721 496 cenorucou.
1024 431 1088 494 137

131 606 322 690 pectand03
352 608 403 671 ita
429 606 523 690 quod
549 607 604 670 die
626 605 793 669 Mercurii
820 605 978 689 proximo
1009 613 1088 688 post

131 708 258 771 festum
292 706 404 771 sancti
431 707 535 770 Lucae
564 706 800 788 evangelistae,
835 705 953 769 habito
983 713 1088 770 vento

132 826 309 890 prospero,
338 807 503 888 navigare
540 812 721 888 coeperunt
749 825 825 868 cum
858 805 969 870 classe
1002 825 1088 888 qua-

131 907 392 988 dringentarum
418 907 570 982 nuvium,
588 906 715 968 ducens
742 924 860 969 secum
891 924 953 968 sex
979 905 1090 970 millia

133 1015 356 1084 armatorum,
367 1026 443 1070 cum
456 1006 579 1086 viginti
594 1003 778 1069 1minorum
791 1005 1088 1080 architenentinm‚

133 1112 258 1188 praeter
279 1113 414 1171 nautas.
459 1104 611 1185 Quando
627 1112 662 1168 et
684 1105 743 1168 nbi
769 1105 805 1168 in
825 1105 1006 1170 Britannia
1029 1115 1090 1186 ap-'

133 1207 340 1288 plicuerunt,
363 1212 398 1270 et
425 1205 507 1286 qnid
525 1205 573 1270 ibi
591 1204 758 1280 fecerunt,
778 1203 869 1267 infra
891 1205 1088 1288 proximum

136 1306 327 1388 capitulum
345 1305 480 1388 plenius
496 1303 719 1390 continetur]

88 1538 90 1547 '
137 1533 212 1580 REX
248 1533 288 1580 ΙΝ
316 1533 547 1580 BRlTANNlAM
581 1533 897 1580 MINOREMBEDIT
924 1535 967 1580 ET
997 1533 1089 1580 HYB-

183 1633 272 1680 ΜΔΤ.
324 1633 472 1680 TREUGA
500 1633 604 1680 AEGRE
631 1633 864 1682 CONGBDITUR
893 1634 942 1681 EX
971 1634 1090 1680 PARTE

186 1731 295 1780 REGIS
318 1733 472 1780 ANGLIAE.

146 1961 149 1966 ,
183 1889 297 1954 Aureo
315 1890 457 1955 Donnu
475 1891 657 1956 millesimo
680 1893 919 1958 trecentesimo
943 1892 1089 1976 quadra·
1103 1913 1211 1960 Thektng

135 1991 266 2072 gesimo
283 1992 445 2068 secundo,
459 1991 680 2072 pontificatus
694 1991 880 2056 Clementis
895 1994 986 2057 sexti
1000 2013 1091 2058 anno
1103 1964 1233 2062 ’Βῗῖιῖἷιξγῗω

136 2092 257 2172 primo,
284 2092 382 2172 regni
411 2111 493 2154 vero
525 2093 617 2172 regis
644 2091 806 2156 Edwardi
836 2093 926 2155 tertii
954 2112 975 2155 a
1009 2113 1090 2158 con·

136 2199 262 2272 questu
290 2189 537 2269 sextodecimo,
565 2192 679 2257 aetatis
724 2191 905 2256 scribentis
948 2211 1091 2274 sexage-

136 2291 221 2354 simo
260 2310 362 2368 nono,
405 2291 496 2354 circa
538 2290 663 2356 festum
695 2292 808 2355 sancti
839 2290 1021 2355 Michaelis
1053 2311 1091 2356 se

135 2391 245 2453 traxit
262 2407 325 2453 rex
347 2387 485 2470 Angliae
509 2390 552 2454 de
576 2389 702 2455 Cantia
718 2410 839 2455 versus
858 2391 1090 2473 Portesmutb‚

136 2497 169 2553 ct
195 2489 258 2566 ibi,
285 2489 339 2552 die
359 2489 524 2552 Mercurii
540 2491 699 2572 proximo
725 2500 804 2574 post
830 2489 955 2554 festum
979 2493 1090 2557 sancti

137 2587 242 2652 Lucae
286 2589 522 2670 evangelistae,
559 2609 637 2661 cum
676 2590 786 2655 classe
824 2609 888 2654 sua
925 2592 1090 2674 navigare

136 2689 256 2771 coepit,
278 2689 369 2752 sicut
394 2707 499 2770 supra
532 2690 691 2770 proximo
719 2697 772 2754 est
802 2709 1022 2772 expressum
1056 2701 1092 2756 et

136 2787 329 2869 penultimo
353 2787 409 2854 die
425 2787 634 2852 Novembris
664 2788 833 2871 applicuit
857 2790 892 2852 in
911 2790 1092 2856 Britannia

138 2886 270 2966 Minori
291 2907 399 2970 prope
418 2888 531 2951 Brast.
595 2886 662 2951 Sed
694 2896 880 2971 antequam
913 2889 1002 2952 idem
1029 2910 1089 2953 rex
1104 2891 1241 2949 arnimar

137 2987 282 3066 intravit
310 2987 541 3062 Britanniam,
566 2986 616 3050 illi
646 2987 706 3070 qui
738 2995 987 3069 praecesserunt
1015 2960 1235 3052 cum⁸⁸M⁰¹¹⁸¹¹‘

138 3107 216 3152 crum
243 3087 369 3150 comite
396 3085 710 3168 Northamptoniae‚
738 3086 908 3162 videlicet,
934 3086 1093 3150 dominus

139 3186 249 3268 Hugo
282 3184 482 3268 Dispenscr,
514 3186 672 3250 dominus
704 3182 899 3250 Richardus
933 3185 1093 3262 Talebot‚

138 3305 215 3350 cum
245 3285 329 3348 suis
370 3284 525 3366 collegiS,
558 3285 750 3349 habuerunt
790 3285 986 3348 conflictum
1016 3305 1107 3358 cum,

140 3384 287 3450 Gallicis
309 3383 399 3467 apud
418 3384 596 3467 Morleys3
626 3385 684 3448 ubi
710 3385 812 3466 pauci
832 3383 982 3466 Anglici,
998 3387 1094 3452 vide-

140 3485 234 3562 licet,
262 3485 323 3547 vix
352 3485 531 3566 quingenti
556 3485 635 3560 viri,
659 3484 786 3548 multos
816 3482 983 3561 Gallicos,
1001 3485 1095 3550 vide-

140 3585 233 3660 licet,
267 3581 543 3666 ²quinquaginta
571 3583 639 3648 duo
674 3582 782 3647 millia
810 3590 1019 3646 armatorum
1053 3585 1095 3648 de

139 3683 366 3748 nobilioribus
392 3682 558 3746 militibus
575 3682 732 3746 Franciae
748 3683 867 3764 fugere
895 3691 1096 3764 coegerunt,

140 3791 175 3847 et
194 3782 324 3847 multos
341 3782 552 3859 occiderunt,
570 3781 604 3846 et
619 3780 787 3864 quosdam
800 3791 983 3863 cepertmt:
1007 3783 1097 3846 inter

141 3901 228 3971 quos
255 3888 379 3964 captus
403 3881 470 3946 fuit
497 3882 654 3946 dominus
679 3880 857 3945 Galfridus
882 3881 924 3944 de
940 3880 1095 3964 ¹Chamy,

176 4007 246 4060 ¹Sic
263 4008 330 4072 MS„
349 4009 388 4058 sor
398 4008 484 4058 which
500 4023 560 4070 may
575 4011 607 4058 be
633 4023 678 4058 sex
703 4008 784 4056 millia
809 4012 969 4072 armatorum,
992 4009 1099 4059 archite-

140 4079 216 4131 mucb
238 4081 320 4128 better
341 4079 412 4141 read,
428 4079 506 4129 ‘cum
525 4080 607 4128 classe
634 4077 766 4140 nentium,’
777 4078 822 4126 &c

141 4150 383 4212 quadringentarum
412 4151 515 4198 navium
550 4164 607 4197 cum
668 4146 823 4210 'Knigbton
834 4148 940 4198 reduces
950 4148 992 4197 the
1001 4149 1098 4198 Frenoh

141 4220 232 4281 viginti
250 4221 385 4279 minorum,
406 4220 502 4268 ducens
522 4233 607 4267 secum
632 4225 658 4268 to
673 4223 767 4283 twenty
781 4217 914 4267 thousand.
948 4222 1074 4270 2581.65.
