3020 5030
515 473 738 523 cunorucou.
1056 458 1100 522 41

145 631 177 696 le
194 633 289 697 Brus
307 641 343 698 et
371 640 482 699 totum
500 654 644 718 regnum
662 633 802 712 Scotiae,
818 630 1037 720 ¹[venorunt]
1057 634 1100 698 ad

145 734 278 797 curiam
296 732 503 812 Romanam,
526 755 589 818 pro
612 733 773 799 habenda
796 733 1011 798 relaxatione
1037 755 1099 798 ex·

145 835 495 900 communicationum
519 841 554 899 et
574 835 750 900 interdicti
775 835 1038 911 sententiarum,
1064 835 1100 897 in

144 953 292 1015 regnum
315 942 350 1000 et
372 935 565 1018 regnicolas
582 935 710 1000 Scotiae
725 955 787 1017 per
801 933 994 998 cardinales
1016 954 1099 998 auc-

145 1035 289 1100 toritate
310 1054 423 1118 papae,
447 1042 487 1099 ut
512 1035 675 1118 praemisi,
693 1034 929 1117 prolatarum3
957 1034 1019 1098 sed
1041 1053 1098 1098 cu·

92 1204 95 1210 ,
144 1135 232 1197 riam
241 1136 537 1200 nonintravernnt
549 1143 630 1199 ante
643 1134 767 1198 festum
780 1134 892 1198 sancti
902 1133 1097 1199 Michaelis.

147 1234 193 1298 Et
210 1235 296 1317 quia
318 1236 485 1318 magister
501 1234 656 1299 loannes
678 1234 721 1298 dc
742 1233 928 1312 Stratford,
946 1235 1006 1317 qui
1032 1235 1098 1299 fuit

146 1334 181 1397 in
196 1335 295 1398 curia
312 1355 375 1418 pro
387 1355 480 1417 rege,
492 1343 671 1418 promotus
686 1333 731 1398 ad
745 1334 980 1417 episcopatum
995 1334 1096 1399 Win-
1203 1329 1206 1335 ’

148 1435 251 1498 toniae
274 1437 513 1499 revertebatur
529 1437 566 1499 in
584 1434 761 1517 Angliam,
776 1433 936 1498 dominus
954 1454 1017 1498 rex
1033 1435 1097 1497 mi·
1200 1435 1202 1442 “

147 1536 203 1612 sit,
222 1543 345 1600 contra
362 1536 521 1600 comitem
540 1534 710 1599 Moraviae
726 1541 762 1598 ct
778 1535 978 1617 episcopum
996 1533 1097 1598 Glas
1110 1547 1212 1588 Ademof

1110 1598 1232 1638 Murlmuth

148 1653 320 1713 cuensem,
342 1655 448 1699 unum
470 1635 660 1718 simplicem
675 1635 837 1698 clericum
853 1630 1097 1721 ²[A(damum)
1111 1648 1216 1738 ιιιοιιττίοι

148 1735 189 1798 de
199 1735 410 1818 Murimuth]
429 1735 471 1798 ad
489 1736 631 1812 curiam,
645 1735 687 1798 ad
704 1733 957 1817 impediendum
970 1754 1096 1818 propo·
1110 1709 1260 1849 fficiam

148 1836 252 1900 situm
272 1836 466 1912 Scotorum,
485 1842 521 1900 et
543 1835 586 1898 ad
614 1834 840 1899 resistendum
866 1832 1013 1899 ³eidem:
1038 1836 1098 1917 qui

148 1934 307 2000 similiter
321 1935 412 2000 circa
425 1935 551 1999 festum
566 1936 678 1999 sancti
691 1934 872 1999 Michaelis
884 1936 1014 1999 curiam
1027 1935 1099 1999 Ro-

148 2054 286 2099 manam
311 2034 466 2113 intravit,
490 2043 526 2100 et
548 2055 664 2098 mense
682 2035 843 2100 Octobris
869 2034 1004 2099 locutus
1034 2035 1099 2099 fuit

148 2156 225 2200 cum
253 2155 359 2219 papa,
389 2135 535 2200 offerens
565 2155 609 2199 ex
642 2143 741 2218 parte
768 2135 860 2216 regis
891 2133 1031 2217 Angliae
1061 2155 1098 2198 se

148 2236 238 2302 velle
261 2239 407 2320 probare
425 2235 606 2301 Scotorum
630 2235 846 2300 manifestam
870 2241 906 2298 at
928 2235 1098 2299 notoriam

148 2336 329 2417 offensam,
343 2356 412 2400 non
427 2337 539 2400 solum
551 2345 672 2400 contra
687 2355 804 2418 regem
820 2341 856 2398 et
867 2355 1009 2416 regnum
1022 2334 1098 2399 An·

149 2436 242 2519 gliae,
270 2436 330 2500 sed
354 2436 458 2500 etiam
482 2442 604 2500 contra
626 2435 851 2518 apostolicam
874 2435 988 2499 sedem
1015 2455 1099 2499 con·

138 2544 309 2624 ⁸tractam,
332 2533 383 2601 i'ta
400 2536 503 2619 quod,
520 2543 602 2600 ante
627 2535 912 2612 satisfactionem,
930 2556 998 2600 non
1021 2555 1099 2618 pos·

149 2646 228 2703 sent
243 2639 345 2703 dictae
361 2657 516 2701 censurae
532 2635 683 2700 relaxari
700 2635 845 2720 dejure.

151 2877 493 2928 nxcouuuulcavus
525 2878 605 2926 nux
637 2839 820 2939 naviuin,
850 2877 971 2926 uovus
998 2878 1100 2925 iurn-

201 2980 337 3029 naron.
376 2977 965 3039 nonuunus,counsca1vruanin
985 2977 1101 3024 umm-

198 3081 275 3130 run
295 3081 333 3128 iu
354 3079 589 3128 wascoumu.
637 3079 713 3127 unx
736 3078 841 3125 rnrrr
864 3076 1078 3124 sunsmruu.

199 3236 308 3301 Auno
327 3236 470 3299 Dourru
489 3251 734 3312 necomxun,
751 3233 973 3318 pontificatus
990 3234 1013 3299 J
1017 3254 1100 3298 oan-

150 3337 202 3401 nis
228 3356 330 3420 papae
354 3352 442 3414 vua,
469 3336 553 3401 dicti
580 3356 661 3401 vero
688 3336 780 3417 regis
809 3334 972 3399 Edwardi
996 3351 1101 3412 xvia,

149 3440 216 3502 cito
234 3444 314 3520 post
330 3437 456 3500 festum
472 3437 584 3500 sancti
602 3435 785 3500 Michaelis
807 3436 1024 3500 intraverunt
1040 3455 1100 3498 cu·
1112 3455 1262 3496 resumas.

148 3539 232 3602 riam
249 3537 433 3620 episcopus
448 3536 672 3600 Glascuensis
689 3543 724 3600 et
738 3555 853 3600 comes
869 3535 1050 3614 Moraviae,
1065 3542 1099 3600 et
1112 3507 1217 3547 '‘Em‘'

148 3639 255 3703 locuti
264 3637 404 3700 fuerunt
421 3658 498 3700 cum
513 3655 606 3720 papa
623 3644 751 3700 etcum
767 3635 1019 3715 cardinalibus3
1037 3635 1098 3700 do-

149 3740 242 3802 mino
253 3738 296 3801 de
306 3737 458 3801 Sulliaco
468 3757 527 3800 cos
539 3736 698 3813 ducente,
709 3736 816 3820 quise
827 3736 1017 3819 fecitquasi
1028 3735 1098 3800 me-

186 3963 193 3992 ¹
209 3967 272 4016 This
289 3967 361 4015 word
376 3967 398 4014 is
413 3967 475 4015 t'rom
491 3966 565 4027 Nero,
575 3966 610 4016 D.
637 3965 746 4014 inserted
763 3965 797 4028 by
809 3963 875 4014 Hor.
888 3967 952 4013 3836
969 3965 1020 4012 and
1034 3965 1098 4028 Reg.

152 4050 176 4086 x.
219 4037 273 4086 The
299 4041 351 4086 rest
374 4037 436 4085 omit
462 4039 490 4099 it,
519 4035 612 4099 having
636 4037 670 4085 A.
689 4048 774 4094 xv111.;
797 4033 858 4082 both
878 4033 908 4081 ol
921 4034 1005 4083 which
1023 4035 1098 4085 MSS.

151 4107 233 4156 ‘missi
246 4103 312 4156 sunt‘
324 4108 413 4156 above.
637 4121 679 4155 are
695 4105 724 4154 of
738 4104 800 4153 such
816 4104 890 4152 value
906 4119 934 4152 as
950 4109 976 4152 to
991 4110 1101 4153 warraut

638 4177 670 4226 its
682 4176 800 4226 insertion
811 4175 837 4223 in
848 4173 890 4222 the
901 4179 963 4224 text.

185 4245 265 4298 'Our
287 4248 398 4297 author's
421 4262 493 4296 name
513 4247 535 4295 is
553 4247 611 4296 here
672 4240 828 4307 '‘eisdem,'
840 4244 907 4295 Har.
919 4249 991 4294 3836.
1021 4274 1027 4290 .
