3010 5030
416 471 482 536 160
759 488 793 536 A.
811 487 1026 536 nuuiuurn.

252 667 341 757 mu
415 649 586 731 ragesimo
602 656 741 730 quarto,
759 648 982 731 pontificatus
1007 667 1091 714 vero
1114 647 1242 713 domini
1265 669 1370 733 papae

250 768 375 865 {2333}
415 748 603 814 Clementis
634 749 725 812 sexti
751 768 843 828 auno
871 749 986 824 tertio,
1011 757 1047 812 et
1084 749 1246 814 Edwardi
1275 752 1368 832 regis

250 868 401 959 :1133ssan
414 847 553 930 Angliae
580 848 674 914 tertii
700 867 722 912 a
747 856 938 931 conquestu
966 848 1099 913 decimo
1124 857 1259 929 octavo,
1287 859 1369 933 post

249 969 370 1019 neuma
414 949 541 1014 festum
558 949 751 1024 Trinitatis,
770 968 832 1011 rex
849 948 970 1013 babuit
985 948 1249 1031 parliamentum
1265 969 1375 1014 suum·

252 1020 294 1058 und
302 1030 315 1058 u

250 1069 347 1109 sirena
416 1049 614 1124 Loudoniis,
631 1051 667 1112 in
685 1069 753 1132 quo
777 1049 877 1132 petiit
899 1069 920 1112 a
936 1048 1028 1113 clero
1043 1048 1222 1126 decimam,
1248 1057 1284 1114 et
1307 1051 1367 1114 de-

251 1121 352 1220 iiddii⁰
416 1149 712 1232 cimam-quintam
727 1169 748 1212 a
763 1148 900 1232 populo,
926 1167 1032 1232 super
1053 1167 1123 1232 qno
1139 1170 1208 1214 non
1222 1149 1288 1214 fuit
1304 1152 1370 1214 mi-

415 1251 509 1314 nima
539 1249 744 1324 altercatio;
787 1248 939 1326 tandem,
970 1257 1097 1327 tamen,
1124 1269 1187 1314 rex
1214 1251 1370 1316 obtinuit

417 1370 479 1434 per
497 1370 603 1414 unum
620 1369 760 1413 anuum.

254 1473 381 1512 aalma
467 1450 597 1520 Eodem
620 1457 773 1532 ternpore
795 1448 1072 1533 archiepiscopus
1096 1450 1216 1515 babuit
1238 1470 1368 1516 convo-

253 1525 372 1623 illihic.
415 1552 586 1615 cationem
618 1551 726 1614 totius
768 1549 849 1614 cleri
889 1549 981 1632 apud
1018 1557 1177 1617 sanctum
1217 1550 1364 1615 Paulum

418 1651 618 1726 Londoniis,
639 1650 674 1713 in
697 1669 766 1732 qua
789 1651 1028 1715 tractabantur
1053 1650 1153 1733 plura
1179 1670 1285 1737 super.
1308 1651 1369 1716 ho·

417 1758 551 1815 aestate
567 1750 780 1827 clericorum,
807 1770 885 1832 quae
900 1769 978 1814 raro
1001 1751 1238 1816 observantur.

259 1871 371 1932 mutari
469 1850 572 1916 Circa
594 1850 718 1914 festum
735 1848 997 1933 Assumptionis
1015 1851 1126 1915 beatae
1150 1851 1285 1929 Mariae,
1305 1852 1368 1916 do·

255 1933 397 2012 lihilli‘
419 1951 531 2014 minus
547 1971 609 2014 rex
625 1951 669 2014 ad
692 1949 877 2014 utilitatem
895 1952 991 2033 regni
1007 1951 1061 2014 sui
1079 1950 1252 2033 prohibuit
1275 1953 1369 2017 anti-

419 2071 523 2134 quam
542 2059 713 2115 monetam
732 2050 948 2127 florenorum,
968 2057 1004 2114 et
1021 2051 1193 2116 ordinavit
1213 2072 1339 2117 novam
1358 2073 1368 2115 r

419 2152 550 2216 scilicet
578 2151 743 2235 majorem
779 2151 946 2214 florenum
981 2151 1024 2214 de
1055 2151 1195 2214 dimidia
1228 2157 1368 2233 marca}

418 2252 583 2316 minorem
600 2251 642 2316 de
669 2252 778 2315 tribus
806 2251 937 2328 solidiS,
964 2257 1115 2333 quatuor
1137 2251 1307 2332 denariis3
1332 2261 1371 2317 ot

418 2353 592 2416 minimam
610 2351 653 2415 de
669 2352 792 2433 viginti
803 2351 970 2430 denariis3
989 2358 1024 2415 et
1037 2358 1205 2416 vocantur
1222 2352 1369 2430 nobiles,

420 2459 455 2516 et
471 2451 585 2534 digne,
608 2451 689 2535 quia
704 2450 836 2514 nobiles
853 2458 934 2515 sunt
951 2450 1085 2534 pulchri
1102 2458 1138 2515 et
1153 2452 1241 2532 puri.

258 2563 366 2653 metrone
470 2552 600 2616 Eodem
623 2571 725 2628 anuo,
743 2551 1041 2634 decimo-septimo
1065 2550 1120 2616 die
1145 2537 1388 2631 Novembris,

256 2625 394 2716 mlitio-
418 2653 577 2715 domiuus
599 2670 702 2733 papa,
728 2649 909 2728 Avinione,
936 2652 1067 2716 creavit
1097 2672 1204 2715 unum
1237 2672 1366 2719 novum

419 2751 621 2835 principem,
636 2751 695 2833 qui
726 2750 791 2816 fuit
818 2753 1035 2816 ambassator
1062 2751 1191 2816 domiui
1215 2751 1368 2836 Philippi

418 2853 461 2916 de
482 2851 627 2934 Valoys,
651 2850 843 2915 destinatus
866 2852 1002 2915 domino
1025 2871 1136 2935 papae,
1152 2859 1187 2916 et
1210 2853 1368 2916 nomina·

421 2960 476 3017 tus
501 2951 659 3016 dominus
689 2951 885 3016 Ludovicus
909 2951 952 3016 de
988 2952 1173 3034 Hispania,
1204 2952 1302 3016 miles
1333 2961 1369 3019 et

421 3053 591 3117 soldarios
615 3051 772 3134 praedicti
801 3052 928 3116 domini
952 3052 1121 3136 Philippi;
1148 3073 1255 3136 ‘quem
1278 3053 1370 3117 idem

422 3161 516 3236 papa
539 3153 574 3215 in
603 3151 713 3235 ipsius
736 3153 910 3217 creatione
931 3153 1071 3218 vocavit
1093 3154 1283 3235 prinoipem
1310 3153 1369 3217 In-

421 3252 574 3317 sularum
609 3252 888 3329 Fortunatam,
923 3272 1068 3336 quarum
1099 3272 1161 3317 seu
1195 3252 1239 3316 ad
1265 3271 1368 3334 quem

421 3353 562 3416 effectus
594 3351 698 3436 hujus
739 3352 779 3416 fit
819 3353 1016 3430 creationis
1052 3355 1203 3436 nescitur
1243 3353 1369 3432 adbuc,

420 3453 548 3517 scietur
571 3459 686 3516 autem
711 3459 856 3535 postea:
885 3454 1016 3517 utinam
1038 3453 1082 3517 ad
1109 3439 1271 3539 honorem
1298 3452 1369 3518 Au-

420 3552 598 3635 glioorum,
640 3571 785 3634 quorum
823 3572 972 3616 amorem
1007 3553 1062 3617 vel
1099 3554 1368 3637 prosperitatem

420 3653 510 3717 idem
532 3651 689 3716 domiuus
717 3671 821 3734 papa,
836 3661 876 3718 ut
900 3653 1063 3731 creditur,
1079 3654 1198 3718 intime
1225 3673 1294 3718 non
1318 3655 1370 3718 af·

420 3753 535 3818 fectat.

259 3869 365 3918 Therone
471 3853 574 3930 Item,
602 3854 694 3918 circa
714 3853 919 3936 principium
947 3851 1245 3933 Quadragesimae,
1262 3855 1369 3919 desti·

257 3921 390 4058 ῗὲἓῗτιῖἷξιῗω
421 3955 518 4018 navit
547 3952 705 4017 dominus
736 3972 828 4036 papa
858 3952 894 4016 in
916 3951 1082 4034 Angliam
1104 3953 1191 4016 duos
1222 3954 1370 4037 legatoS,

280 4031 365 4070 Μ’
420 4054 552 4118 scilicet
589 4073 696 4118 unum
726 4053 1019 4136 archiepiscopum
1046 4059 1082 4117 et
1105 4071 1211 4116 uuum
1237 4055 1370 4137 episco-

419 4172 515 4236 pum,
529 4154 654 4237 quibus
669 4153 826 4218 domiuus
842 4173 906 4216 rex
925 4152 1079 4217 obviavit
1096 4154 1188 4235 apud
1206 4153 1371 4240 Ospryng

420 4253 456 4316 in
487 4253 639 4329 Kantia3
675 4261 709 4318 et
736 4274 778 4317 ne
805 4253 972 4346 diutinam
1000 4255 1035 4317 in
1058 4252 1189 4334 Anglia
1208 4263 1370 4338 caperent
