3010 5030
252 649 358 690 Edward'u

250 702 312 740 letter
320 704 342 740 to
353 701 389 741 the

250 762 310 802 9⁰90-

412 457 477 522 148
756 473 790 520 n.
807 471 1022 520 uunruu‘rn.

412 651 548 715 cunque
582 631 661 714 jure
693 630 749 695 vei
785 630 889 694 titulo
920 629 1009 712 [vel]
1048 629 1165 710 colore
1194 627 1368 710 pertinen·

414 733 525 806 tibus;
560 730 766 814 dequibus,
799 731 891 794 inter
917 749 979 793 nos
1005 735 1041 793 et
1064 729 1193 792 dictum
1232 726 1367 810 Philip-

412 851 507 915 pum,
555 830 775 896 dissentionis
817 831 872 894 vei
919 828 1166 893 controversiae
1220 827 1367 890 materia

412 940 466 996 est
492 932 646 1008 suborta,
664 931 719 996 vel
741 931 870 1014 poterit
895 930 1054 993 suboriri.
1108 927 1161 993 Ac
1181 927 1284 991 etiam
1312 928 1367 990 in·

412 1052 517 1116 super
549 1031 717 1098 universis
746 1038 781 1094 et
811 1030 956 1112 singuiis
986 1029 1245 1111 quaestionibus
1284 1046 1367 1108 que-

413 1133 507 1209 relis,
525 1131 780 1207 controversiis
798 1130 935 1206 orestis,
952 1127 1142 1205 demendis
1160 1135 1195 1191 et
1212 1124 1365 1204 ¹delotis‚

411 1231 607 1296 actionibus
634 1230 799 1307 realibus
826 1229 1077 1313 personalibus
1105 1235 1210 1310 etque
1235 1226 1365 1305 mixtis,

413 1331 589 1396 uelitibus
605 1338 640 1395 et
654 1330 884 1413 processibus,
894 1348 998 1412 super
1013 1328 1066 1391 his
1084 1327 1367 1410 dependentibus,

414 1451 493 1514 quae
512 1438 632 1497 mutue
656 1436 867 1512 competunt,
888 1430 945 1493 vel
971 1435 1165 1510 competere
1189 1433 1366 1508 poterunt.

415 1530 561 1596 Necnon
585 1550 689 1613 super
712 1531 870 1594 omnibus
900 1528 1035 1592 domnis
1064 1534 1100 1591 et
1124 1526 1260 1610 injuriis
1287 1526 1367 1590 hinc

414 1630 505 1707 inde,
530 1631 652 1694 tamin
671 1638 762 1694 terra
786 1649 889 1712 quam
907 1629 941 1693 in
961 1629 1061 1704 mari,
1079 1627 1170 1690 datis
1188 1634 1223 1691 et
1244 1626 1368 1705 illatis,

413 1749 456 1794 ac
472 1731 634 1814 expensis
651 1737 686 1794 et
710 1730 876 1794 interesse
891 1748 970 1811 quae
988 1728 1082 1809 exigi
1106 1734 1270 1810 poterunt
1286 1727 1367 1790 hinc

414 1830 504 1896 inde.
556 1829 603 1893 Et
624 1830 830 1912 generaliter
846 1849 950 1911 super
971 1828 1128 1892 omnibus
1146 1827 1368 1890 dissentioni-

414 1932 480 1995 bus
508 1936 544 1994 et
584 1948 785 2012 guerrarum
812 1928 1096 1994 commotionibus
1124 1928 1303 1991 internos
1334 1935 1370 1990 et

416 2031 529 2112 ipsum
544 2027 762 2112 ²Philippum
788 2030 959 2093 subortis:
987 2035 1022 2093 et
1052 2035 1123 2091 tem
1148 2046 1252 2110 snper
1280 2047 1370 2110 pree-

418 2131 511 2194 dicto
537 2149 657 2211 regne,
680 2137 715 2194 et
736 2129 817 2213 jure
835 2129 934 2193 nobis
957 2127 999 2192 ad
1022 2127 1152 2192 dictum
1170 2147 1314 2209 regnum
1333 2135 1369 2190 et

418 2249 580 2294 coronam
614 2229 773 2294 Franeiae
807 2238 1034 2312 competente,
1053 2246 1157 2310 quom
1190 2227 1367 2309 praedictis

418 2331 600 2406 universis,
618 2329 908 2406 concordandum,
934 2326 1213 2411 'pacificandum
1229 2346 1369 2409 compe-

418 2430 579 2507 nendum,
608 2429 880 2510 transigendum,
895 2436 930 2492 et
953 2447 1073 2511 pacem
1096 2435 1310 2510 perpetuam,
1333 2435 1370 2492 et

418 2529 554 2594 finalem
585 2529 801 2593 concordiam
833 2529 1030 2605 ineundum,
1052 2527 1120 2610 [et]
1145 2545 1186 2591 ea
1214 2547 1293 2610 quae
1317 2527 1368 2601 sie

418 2637 609 2701 contracta,
637 2629 857 2705 concordata,
883 2637 998 2710 pacta,
1026 2627 1230 2709 composite,
1258 2635 1390 2691 trans,
1494 2613 1495 2620 ἵ

418 2737 510 2807 ecta,
525 2727 580 2794 “et
597 2728 695 2806 inita,
713 2729 787 2792 tieri
804 2728 930 2793 debeat
944 2729 980 2792 in
998 2727 1062 2791 hec
1080 2736 1180 2809 parte
1196 2728 1367 2810 stipulan-

417 2831 498 2893 dum
525 2838 560 2893 et
579 2826 822 2910 recipiendum.
849 2895 851 2900 ,
875 2828 921 2892 Et
945 2829 1061 2892 omnia
1085 2827 1154 2891 alia
1169 2834 1205 2891 et
1230 2828 1368 2909 singula

417 2925 631 2995 ⁵faciendum
649 2936 683 2993 et
706 2928 936 2993 exercendum
953 2948 1031 3010 qnae
1054 2929 1089 2991 in
1118 2928 1318 3009 praemissis,
1333 2936 1369 2992 et

418 3031 585 3106 circaea,
613 3030 809 3093 necessaria
833 3029 890 3093 vel
915 3033 1111 3111 opportuno
1135 3027 1273 3093 fuerint.
1323 3027 1369 3092 Et

417 3131 448 3194 si
470 3130 667 3194 mandatum
696 3131 840 3211 exigant
865 3129 1026 3211 speciale,
1043 3129 1283 3210 promittentes
1305 3147 1368 3210 pro

418 3231 517 3295 nobis
535 3237 570 3294 et
592 3229 784 3294 haeredibus
807 3231 946 3304 nostris,
966 3248 1028 3292 nos
1045 3235 1159 3292 ratum
1178 3235 1214 3292 et
1231 3235 1369 3310 gratum

418 3330 596 3409 habituros
621 3329 782 3412 quicquid
803 3348 864 3413 per
891 3329 1075 3412 praedictos
1091 3335 1228 3392 nostros
1245 3348 1369 3411 procu-

418 3438 552 3498 ratores
584 3437 621 3494 et
652 3431 807 3506 nuncios,
837 3449 911 3508 sex,
941 3430 1106 3512 quinque,
1138 3435 1302 3511 quatuor,
1334 3435 1370 3493 et
1411 3499 1413 3506 Α
1494 3405 1495 3414 ¹

419 3538 490 3595 tres
505 3549 643 3605 eorum„
659 3537 774 3592 actum
791 3536 826 3593 et
842 3535 976 3612 gestum
992 3529 1097 3594 fuerit
1119 3528 1155 3591 in
1170 3529 1369 3610 praemissiS,

420 3639 455 3696 et
470 3631 625 3714 quolibet
640 3630 908 3712 praemissorum.
1356 3629 1358 3636 '

469 3731 533 3794 ‘In
550 3730 648 3813 eujus
666 3730 715 3794 rei
731 3730 965 3794 testimonium
980 3729 1042 3794 has
1059 3729 1179 3794 literas
1196 3729 1270 3794 fieri
1288 3729 1370 3793 feci-

417 3850 494 3894 mus
510 3837 680 3913 patentes.

455 4054 461 4084 ¹
480 4055 615 4119 ‘debetis’
627 4057 700 4120 Rym.
906 4071 1058 4118 quacunque
1070 4058 1205 4106 securitate
1212 4055 1371 4117 firmandum,

451 4123 713 4191 ²OmittedinRym.
906 4141 936 4176 ec
960 4128 1119 4176 securitatem
1143 4142 1200 4188 quae
1222 4126 1296 4175 nobis
1318 4127 1370 4174 fieri

452 4194 463 4228 ³
479 4198 692 4260 ‘paciscendum’
704 4198 777 4261 Rym.
906 4197 1014 4260 debeat‚'
1025 4202 1073 4247 etc.

452 4264 462 4298 ⁴
479 4269 553 4330 Rym.
562 4267 626 4317 adds
637 4267 680 4317 ‘et
696 4267 878 4331 innotuerint,
941 4265 952 4296 ⁵
968 4268 1101 4318 ‘facienda
1112 4272 1137 4317 et
1144 4265 1303 4330 exercendaf
1310 4266 1369 4316 MS.
