3036 5032
438 471 504 534 166
777 485 810 530 n.
829 482 1047 538 uuaruuru.

440 660 513 704 rum
533 655 601 704 non
617 639 788 715 timerent,
814 638 874 702 sed
900 657 963 721 pro
988 638 1068 721 jure
1087 644 1121 701 et
1145 637 1245 722 Justa
1263 639 1398 704 calum-

441 741 499 804 nia
512 739 640 804 domini
654 739 708 803 sui
727 738 871 803 viriliter
894 745 929 802 et
947 744 1147 802 constanter
1164 738 1397 818 decertarent,

277 862 414 907 maman
441 848 477 904 et
500 840 604 924 Dans
628 839 771 925 J'uvaret
798 837 887 904 illos.
940 836 1086 903 Interim
1111 837 1192 901 dum
1223 839 1297 904 haec
1312 859 1398 921 age-

278 915 387 1006 illidii
445 947 574 1017 rentur,
600 938 904 1022 appropinquante
926 937 1010 1002 hora
1036 957 1272 1021 vesperarum,
1299 939 1396 1004 vide-

278 1015 408 1067 ΝΜ
443 1042 546 1106 batur
563 1039 695 1104 eminus
709 1038 885 1102 exercitus
895 1036 1110 1102 Gallicorum
1127 1039 1347 1104 moderanter
1360 1047 1398 1104 et

445 1139 601 1204 ordinate
638 1138 933 1222 appropinquans,
950 1139 996 1204 ‚in
1022 1157 1093 1220 quo
1124 1138 1273 1221 populus
1300 1141 1397 1204 aesti-

443 1249 558 1304 matur
583 1238 627 1304 ad
646 1258 824 1304 numerum
839 1237 1018 1302 duodecim
1042 1237 1186 1301 millium
1205 1239 1399 1320 galearum,

444 1348 479 1404 et
504 1346 715 1404 armatorum
731 1338 776 1402 ad
801 1337 1065 1402 aestimationem
1088 1339 1273 1420 sexaginta
1294 1339 1400 1404 milli·

444 1459 514 1516 um,
529 1447 564 1504 et
578 1438 787 1522 pedestrium
801 1438 1108 1514 innumeratorum,
1122 1438 1182 1521 qui
1196 1438 1400 1503 divideban-

444 1538 561 1603 turin
586 1545 720 1623 septem
742 1537 855 1618 acies;
881 1533 1026 1620 quarum
1044 1538 1189 1620 primam
1216 1539 1310 1605 rexit
1334 1559 1400 1604 rex

446 1639 618 1717 Franciae,
633 1637 781 1721 eoquod
801 1638 837 1702 in
854 1637 1075 1702 multitudine
1092 1639 1211 1721 populi
1239 1639 1294 1703 sui
1309 1640 1400 1703 mul-

445 1747 519 1803 tum
551 1739 757 1816 confidebat,
782 1736 934 1822 jungens
970 1756 1008 1800 se
1039 1737 1244 1804 festinanter
1275 1740 1399 1822 primae

282 1862 409 1912 maenaa
446 1839 533 1904 aciei
564 1836 804 1921 Anglicorum.
876 1836 942 1901 Cui
975 1838 1134 1920 princeps
1157 1838 1311 1915 Walliae,
1337 1860 1399 1904 co·

282 1913 411 2003 iitffl'in·
447 1938 547 2004 mites
574 1938 833 2021 Northamptou
858 1944 894 2001 et
924 1936 1125 2020 Warewyk,
1156 1957 1234 2002 cum
1262 1941 1400 2004 caeteris

283 2013 406 2103 illidii·
447 2038 668 2103 validissimis
682 2039 719 2102 in
733 2038 844 2121 prima
869 2037 942 2102 acie
968 2038 1178 2116 constitutis,
1198 2039 1402 2103 restiterunt

284 2114 375 2154 Μ·
447 2138 603 2215 viriliter,
628 2146 663 2202 et
687 2139 807 2202 neutro
828 2136 911 2201 forti
938 2137 1102 2202 conflictu
1124 2146 1158 2204 et
1179 2139 1326 2217 diutino,
1350 2139 1400 2203 ei-

284 2263 386 2312 mam
447 2257 528 2301 nam
547 2237 673 2304 Gallici
698 2238 919 2322 patiebantur
935 2237 1121 2320 repulsam,
1138 2246 1173 2303 et
1194 2258 1256 2304 rex
1272 2258 1394 2304 eorum

283 2312 428 2410 {illim
448 2339 492 2402 ab
508 2358 597 2421 equo
607 2337 784 2422 dejectus3
803 2338 863 2420 qui
875 2338 944 2402 cito
961 2337 1134 2402 relevatus
1150 2340 1329 2405 resociatis
1346 2360 1404 2405 ca-

447 2439 567 2516 terris,
591 2439 729 2504 tertium
751 2436 908 2519 Angliois
930 2436 1153 2502 fortissimum
1171 2438 1327 2504 fecerunt
1349 2441 1401 2503 in·

447 2539 588 2616 snitum,
604 2537 682 2622 1qui
699 2558 769 2602 nou
784 2557 822 2602 se
836 2537 1014 2619 fingebant
1031 2538 1140 2602 vicem
1155 2538 1298 2604 reddare
1320 2559 1401 2604 con-

447 2639 605 2715 similem,
634 2638 765 2702 lanceis
791 2645 827 2702 et
859 2636 997 2720 sagittis
1022 2637 1224 2702 densissime
1250 2639 1401 2705 interve·

448 2739 633 2816 aientibus,
648 2757 726 2821 quae
754 2757 824 2802 non
850 2738 965 2802 minus
981 2737 1157 2802 homiuum
1174 2758 1278 2821 quam
1291 2760 1400 2824 equo·

448 2858 523 2902 rum
538 2838 672 2902 necere
688 2845 770 2902 sunt
786 2844 955 2914 scrutata,
969 2845 1147 2903 armatura
1160 2839 1400 2924 qualicunque

285 2963 404 3003 autenm
448 2957 527 3004 raro
539 2937 753 3020 prohibente.
785 2938 832 3002 Et
848 2937 952 3002 Dnus
960 2940 1103 3020 insuper
1119 2958 1201 3003 suos
1219 2940 1400 3005 animabat

284 3012 438 3113 {iiiam
448 3046 484 3102 et
499 3039 654 3120 regebat,
672 3046 710 3103 ut
727 3038 762 3102 in
776 3038 837 3102 illo
853 3056 1052 3120 congressu,
1069 3058 1114 3102 ex
1136 3045 1235 3121 parte
1250 3038 1406 3105 Gallico-

285 3113 394 3164 ¹l¹⁰¹¹²⁰⁶'
449 3158 522 3202 rum
538 3138 752 3203 inimicorum
769 3145 965 3203 nostrorum
982 3157 1046 3201 rex
1065 3138 1252 3218 Bohemiae,
1268 3146 1303 3204 et
1326 3140 1402 3205 dux

450 3237 645 3320 Lorengiee,
659 3238 802 3304 etmulti
815 3237 874 3302 alii
890 3239 1036 3302 barones
1052 3246 1088 3302 et
1101 3239 1236 3318 milites,
1249 3260 1327 3304 cum
1344 3260 1403 3304 ar-

447 3337 1401 3420 migerisinnumeris[ceciderunt];itaquod,secundum

449 3437 543 3502 diota
555 3438 794 3514 veridicorum,
803 3438 851 3502 ibi
865 3437 968 3520 periit
978 3437 1044 3502 flos
1055 3438 1188 3503 militiae
1195 3438 1404 3518 Gallicanae,

449 3536 491 3601 de
508 3557 653 3620 quorum
670 3538 863 3602 nominibus
878 3546 1001 3620 postea
1015 3539 1148 3620 patebit
1162 3539 1366 3604 euidenter.²

286 3663 423 3704 naerens
500 3637 580 3702 Rex
609 3657 692 3703 vero
721 3637 878 3703 Franciae
904 3657 941 3704 se
967 3638 1060 3720 fugae
1086 3639 1268 3722 disposuit,
1282 3660 1402 3704 secum

286 3714 408 3814 iiiiii?
448 3734 578 3802 ducens
600 3737 709 3802 filium
731 3738 822 3820 regis
849 3737 1016 3816 Boemiae,
1039 3739 1114 3823 jam
1137 3759 1199 3822 per
1224 3740 1404 3806 dominum

484 3934 552 3988 'Sic
563 3938 623 3990 MS.
935 3941 1033 3990 vanced
1059 3942 1085 3990 in
1114 3944 1178 4005 good
1207 3943 1288 3993 order.
1331 3945 1358 3994 lt
1382 3948 1407 3996 is
1505 3925 1506 3984 i

486 4007 569 4057 ²'i'his
580 4014 696 4072 account,
708 4010 734 4058 in
746 4010 844 4060 several
855 4025 912 4072 par-
936 4011 1017 4059 worth
1036 4013 1122 4075 noting
1143 4012 1198 4061 that
1220 4013 1318 4078 James,
1341 4016 1408 4080 king

448 4079 562 4142 ticulars,
578 4080 661 4128 varies
677 4079 741 4128 from
756 4081 799 4130 the
817 4081 912 4130 minute
936 4081 966 4129 ol
973 4081 1097 4145 Majorca,
1109 4084 1135 4130 in
1146 4081 1196 4131 this
1214 4090 1407 4148 contemporary

448 4155 555 4200 account
571 4151 645 4212 given
662 4151 695 4211 by
712 4151 846 4213 Froissart,
862 4151 913 4199 and
937 4157 1045 4200 account
1061 4153 1083 4201 is
1100 4153 1241 4203 conducted
1257 4160 1302 4204 out
1318 4155 1346 4204 oi
1360 4157 1407 4206 the

449 4221 558 4281 adopted
575 4220 609 4280 by
621 4221 741 4284 Lingard,
753 4221 789 4270 iii.
802 4224 911 4270 47-50.
938 4221 1005 4284 field,
1017 4224 1066 4270 and
1079 4227 1121 4270 not
1133 4223 1208 4285 elain,
1224 4238 1253 4273 as
1270 4225 1291 4274 is
1306 4226 1407 4275 related

450 4290 490 4351 By
502 4289 552 4338 this
566 4295 674 4339 account
690 4291 732 4340 the
750 4291 847 4340 Frcnch
867 4290 911 4339 ad·
938 4292 971 4352 by
983 4293 1080 4341 several
1091 4294 1119 4342 oi
1127 4308 1173 4341 our
1184 4293 1326 4346 historicus.
