3010 5030
491 492 712 543 canonicos.
1015 480 1079 544 141

125 649 294 733 recipere3
320 657 371 717 'et
398 652 462 716 boo
498 659 573 717 toto
605 662 757 736 tempore
787 652 956 718 dictarum
983 660 1076 720 treu·
1091 671 1198 761 trhemor

123 769 264 831 garum:
292 762 327 817 et
343 753 380 815 iu
403 752 470 816 fine
487 753 656 817 dictarum
675 761 885 835 treugarum,
903 754 985 818 dicti
1004 774 1076 818 car·
1116 725 1200 762 ‘m

124 850 256 916 diuales
274 853 354 916 inde
371 852 500 916 faciant
518 853 704 917 secundum
722 852 1058 919 suamvoluntatem.

174 951 303 1028 ‘Item,
331 953 423 1035 quod
448 972 511 1034 pro
534 952 751 1017 absolutione
769 953 1076 1035 Flammingorum,

124 1058 157 1115 et
177 1052 352 1116 amotione
375 1053 623 1116 sententiarum
640 1071 728 1135 quas
745 1054 976 1142 incurrerunt,
994 1053 1078 1118 dicti

126 1151 318 1215 cardinales
344 1151 491 1216 sollicite
515 1152 672 1216 laborare
698 1153 847 1217 habeant
873 1153 966 1236 quod
988 1154 1078 1218 bona

125 1260 158 1315 et
188 1251 307 1316 debita
337 1251 394 1316 via
419 1252 622 1334 reperiatur.
689 1252 792 1329 Item,
828 1253 921 1336 quod
961 1255 1078 1318 comiti

126 1350 344 1416 Montisortis
366 1358 548 1415 serventur
565 1370 618 1428 aa,
636 1370 714 1435 qnae
736 1353 802 1416 sibi
818 1353 988 1434 promIssa
1005 1353 1078 1418 fue-

126 1458 208 1515 runt
236 1459 317 1516 ante
345 1451 520 1514 civitatem
537 1451 785 1529 Nanatensem,
805 1471 867 1516 seu
893 1452 996 1529 infra,
1018 1472 1079 1536 per

126 1551 301 1616 dominnm
339 1551 460 1615 ducem
492 1551 729 1627 Narmanniae,
755 1551 798 1615 dc
828 1552 952 1634 quibus
986 1553 1079 1617 licite

125 1651 311 1716 constabit.
355 1651 458 1728 Item,
476 1652 615 1733 quodsi
633 1651 739 1734 aliqui
757 1649 765 1684 ¹
780 1652 814 1714 in
827 1651 1004 1716 Vasconia
1023 1653 1080 1716 vel

126 1751 221 1828 alibi,
238 1751 443 1816 durantibus
460 1751 561 1815 dietis
583 1752 726 1832 treugis,
743 1759 905 1816 moveant
920 1771 1080 1832 guerram

127 1852 242 1916 vicino
260 1851 315 1914 vel
341 1851 480 1914 inimico
505 1869 580 1928 suo,
599 1850 741 1915 alterius
765 1851 873 1934 partis
903 1852 1079 1931 existenti,

127 1951 218 2033 quod
253 1950 337 2015 dicti
366 1967 465 2032 reges
495 1970 533 2014 se
563 1951 781 2034 interponere
819 1971 888 2015 uon
918 1952 1077 2028 habeant,

127 2071 187 2133 per
215 2070 255 2113 se
278 2051 332 2115 vel
357 2070 418 2132 per
444 2048 561 2127 alium,
584 2048 712 2115 directe
735 2052 790 2114 vel
821 2051 1009 2126 indirecte;
1045 2059 1081 2117 et

128 2150 232 2234 quod,
250 2171 312 2233 per
327 2150 405 2226 boe,
421 2156 554 2232 treugae
580 2149 754 2233 praedictae
772 2170 839 2214 non
861 2150 1078 2233 frangantur.

127 2250 173 2315 Et
195 2251 403 2315 laborabunt
418 2251 517 2326 bene,
545 2251 674 2333 absque
698 2248 828 2326 fraude,
846 2259 881 2314 et
898 2251 1080 2333 diiigenter

127 2369 227 2432 reges
258 2350 427 2433 praedieti,
462 2349 553 2433 quod
581 2350 711 2414 subditi
738 2351 838 2414 unius
871 2352 981 2434 partis'
1011 2371 1079 2415 non

126 2451 258 2516 saciant
295 2469 451 2532 guerraS,
488 2449 692 2515 durantibus
730 2451 905 2533 praedictis
937 2451 1080 2533 treugis,

126 2550 275 2618 subditis
295 2607 298 2610 .
317 2550 459 2615 alterius
500 2550 610 2632 partis
648 2551 683 2614 in
711 2549 886 2615 Vasconia
918 2551 973 2615 vel
1002 2552 1081 2616 Bri·

128 2652 260 2715 tannia.

176 2751 305 2828 ‘Item,
327 2751 418 2833 quod
441 2750 568 2828 nullae,
586 2751 644 2834 qui
664 2768 756 2813 nunc
772 2749 818 2814 sit
833 2751 869 2815 in
887 2751 1080 2817 obedientia

127 2851 230 2914 unius
258 2852 379 2933 partis,
401 2850 628 2933 pendentibus
656 2851 787 2932 treugis
820 2859 937 2932 posset
964 2852 1080 2916 venire

127 2951 170 3014 ad
206 2951 434 3014 obedientiam
469 2951 611 3016 alterius
644 2951 766 3032 partis,
795 2951 850 3014 cui
887 2970 955 3014 non
989 2958 1080 3016 esset

127 3050 290 3114 obediens
338 3057 492 3131 tempore
530 3051 621 3115 datae
659 3049 827 3113 dictarum
866 3058 1078 3131 treugarum.

127 3150 231 3228 Item,
257 3149 349 3231 quod
392 3150 476 3214 nulli
508 3170 530 3214 a
559 3150 716 3233 partibus
747 3149 921 3231 praedictis
949 3149 1079 3232 aliquid

126 3250 239 3328 detur,
257 3250 313 3315 vel
332 3250 559 3332 permittatur,
576 3257 615 3314 ut
633 3267 792 3331 guerram
815 3249 916 3314 alteri
932 3256 1077 3325 moveat,

126 3351 257 3415 directe
291 3349 347 3414 vel
376 3349 553 3427 indirecte,
584 3350 789 3414 durantibus
818 3351 952 3432 treugis
991 3370 1079 3432 prae·

126 3450 238 3515 dictis.
294 3449 396 3528 Item,
425 3450 516 3533 quod
548 3450 649 3514 dictae
680 3457 811 3531 treugae
838 3457 1019 3514 serventur
1044 3452 1078 3514 in

125 3557 230 3628 terra,
258 3557 294 3614 et
321 3550 357 3613 in
385 3551 484 3627 mari,
508 3570 568 3633 per
584 3555 702 3632 partes
718 3549 912 3632 praedictas·
976 3550 1079 3627 Item,

125 3650 219 3732 quod
252 3650 355 3714 dictae
389 3655 521 3732 treugae
549 3650 727 3714 firmentur
757 3669 820 3732 per
844 3649 1079 3733 juramentum

123 3751 306 3833 utriusque
322 3750 442 3831 partis.
496 3749 600 3827 Item,
618 3749 709 3832 quod
728 3748 828 3815 dictae
846 3757 978 3830 treugae
995 3751 1080 3832 pub-

124 3849 323 3913 licabuntur
339 3849 383 3912 ab
408 3856 554 3932 utraque
579 3849 734 3932 partein
760 3849 968 3913 exercitibus
993 3851 1079 3913 utri·

125 3966 235 4031 usque
253 3949 376 4032 partis,
393 3949 509 4012 statim
535 3949 571 4014 in
590 3949 781 4025 Britannia,
800 3948 888 4015 etin
905 3947 1081 4013 Vasconia

124 4049 214 4113 iufra
240 4049 434 4132 quindecim
461 4049 546 4125 diae,
565 4060 599 4112 et
627 4049 663 4112 in
681 4048 844 4112 Flandria
870 4047 960 4111 inira
984 4050 1082 4130 qnin-

125 4148 235 4215 decim
254 4150 340 4225 dies,
367 4155 402 4212 et
426 4149 461 4211 in
478 4147 608 4230 Anglia
625 4155 660 4212 et
682 4147 717 4211 in
744 4147 862 4212 Scotia
882 4147 918 4210 in
933 4149 1081 4231 quadra-

369 4296 376 4327 ¹
394 4302 564 4365 ‘Vaseoniae,'
580 4304 640 4352 Cod.
651 4303 714 4364 Reg.
727 4301 760 4352 A.
770 4315 847 4352 xvru.
