3010 5030
489 493 710 542 canonicos.
1030 476 1074 540 89

124 615 303 735 aquosam,
321 653 407 717 adeo
430 653 640 735 congelavit,
657 653 750 736 quod
773 659 848 716 tota
869 659 963 716 terra
980 654 1078 735 quasi

124 754 253 836 glacies
279 753 480 828 videbatur,
510 753 600 836 quod
628 754 709 836 gelu
733 753 871 817 duravit
898 752 1077 818 duodecim

6 875 7 894 ³
125 854 350 937 septimanaS,
380 854 467 918 adeo
496 854 588 937 quod
614 855 730 918 omnia
752 854 885 918 semina
906 853 1079 937 hyemalia

126 954 225 1038 quasi
256 955 464 1020 mortificata
487 954 648 1020 suerunt:
675 955 726 1018 ita
751 953 843 1037 quod
870 953 907 1018 in
933 954 1077 1031 Martio,

125 1053 251 1138 Aprili,
280 1064 315 1120 et
343 1054 452 1138 Mayo
491 1055 592 1138 quasi
622 1054 718 1118 nulla
757 1062 1004 1138 apparuerunt,
1043 1062 1079 1119 et

126 1157 278 1220 maxime
309 1155 344 1220 in
380 1155 529 1220 vallibus
561 1155 746 1238 pinguibus
789 1163 825 1219 et
865 1155 942 1218 aliis
977 1155 1078 1219 bonis

126 1257 238 1319 terris.
272 1256 319 1320 Et
333 1264 450 1320 tamen
467 1256 581 1320 omnia
593 1276 721 1338 genera
737 1255 914 1346 bladorum
930 1254 1078 1339 lprocul,

125 1357 160 1419 in
186 1355 325 1420 modico
363 1358 474 1440 pretio
502 1356 729 1434 habebantur,
759 1376 828 1420 non
854 1363 996 1438 propter
1021 1375 1080 1421 co-

126 1457 219 1540 piam
248 1449 439 1535 bladorum,
457 1457 517 1521 sed
547 1465 688 1540 propter
707 1463 866 1521 monetae
895 1455 1078 1534 defectum,

126 1555 182 1622 ²et
211 1557 279 1621 hoc
301 1576 412 1641 usque
443 1558 485 1621 ad
519 1565 741 1630 autumnum
781 1557 841 1620 sed
874 1556 1079 1622 adveniente

127 1666 306 1735 autumno,
330 1658 515 1734 frumenta,
544 1677 622 1740 quae
653 1657 871 1722 metebantur
898 1657 933 1720 in
962 1657 1079 1722 multis

126 1760 297 1840 partibus
332 1779 400 1824 non
439 1756 654 1824 sufficiebant
689 1758 732 1822 ad
769 1776 897 1834 semen,
928 1764 964 1820 et
1001 1756 1081 1821 ideo

126 1858 231 1923 blada
254 1861 452 1942 inceperant
477 1879 551 1924 esse
568 1879 661 1924 cara.

176 1960 284 2037 Item,
314 1960 379 2024 hoc
418 1979 506 2024 anno
534 1968 614 2025 ante
648 1959 878 2024 Pentecosten
910 1966 1227 2025 veneruntrherreneh

1040 2061 1058 2074 ,,
1090 2027 1168 2076 pirates
1177 2029 1241 2068 make

126 2061 252 2143 piratae
293 2061 385 2142 regis
421 2060 577 2125 Franciae
620 2061 655 2124 in
696 2060 804 2143 galeis
844 2067 880 2124 et
915 2061 1079 2142 spinaciis
1091 2079 1242 2169 lilim,

125 2181 234 2244 prope
264 2161 517 2244 Hamptonam,
545 2169 580 2225 et
612 2160 695 2243 quia
731 2161 880 2243 patriam
909 2158 957 2223 ibi
993 2160 1156 2223 baneam.

125 2268 292 2344 paratam
313 2261 357 2325 ad
374 2261 604 2327 resistendum
618 2261 745 2325 eisdem
760 2260 933 2336 viderunt,
948 2279 985 2324 se
999 2279 1081 2342 pro-

126 2363 220 2426 tinus
252 2369 494 2437 retraxerunt3
526 2369 562 2427 et
603 2363 686 2444 quia
717 2361 765 2425 ibi
803 2381 872 2425 non
907 2358 1081 2426 audebant

125 2463 316 2546 applicare,
343 2482 406 2526 nec
435 2461 471 2526 in
501 2460 624 2527 Insula
641 2461 767 2538 Vecta,
797 2480 875 2546 quae
907 2461 973 2524 fuit
994 2461 1079 2526 bene

126 2564 276 2640 munita,
292 2583 329 2627 se
348 2563 597 2628 transtulerunt
615 2563 658 2626 ad
685 2562 754 2626 alia
769 2562 858 2640 ioca,
872 2562 972 2644 quasi
984 2581 1082 2625 cam-¹

125 2665 271 2746 pestria,
298 2671 334 2728 et
356 2665 466 2728 multa
483 2664 574 2729 mala
598 2663 696 2746 quasi
728 2662 914 2727 latrunculi
940 2663 1080 2726 commi-

126 2772 268 2844 serunt3
292 2773 327 2830 et
342 2772 465 2847 postea
481 2764 517 2827 in
536 2765 625 2828 festo
644 2763 808 2846 Corporis
828 2762 970 2839 Christi,
987 2763 1080 2853 apud

126 2866 330 2950 Hastynge,
360 2865 519 2948 quaedam
536 2865 679 2947 tuguria
698 2865 908 2947 piscatorum
925 2865 1080 2927 combus-

127 2974 264 3044 serunt,
286 2972 322 3030 et
351 2965 487 3048 aliquos
514 2965 669 3030 homines
699 2964 910 3028 occiderunt.
978 2963 1080 3041 Item,

127 3074 252 3133 contra
293 3065 440 3130 insulam
466 3066 592 3130 Taneti
619 3085 657 3130 se
688 3063 888 3128 multotiens
921 3064 1081 3126 ostende-

126 3176 221 3246 runt,
238 3173 274 3232 et
293 3174 413 3230 contra
429 3166 633 3242 Dovoriam,
651 3172 686 3230 et
709 3163 812 3228 etiam
835 3169 956 3226 contra
974 3161 1081 3226 Folk-

126 3276 287 3342 stonam3
319 3267 379 3331 sed
411 3266 536 3330 ibidem
564 3266 675 3329 multa
705 3265 798 3329 mala
827 3282 895 3328 non
916 3263 1082 3340 fecerunt,

126 3371 194 3434 nisi
210 3374 335 3434 contra
356 3386 525 3450 pauperes
542 3367 743 3453 piscatores,
761 3364 843 3449 quia
864 3364 978 3447 patria
994 3383 1083 3427 sem-

126 3491 189 3554 per
205 3476 332 3554 parata
353 3467 420 3533 fuit
443 3474 566 3532 contra
581 3485 650 3531 eos.
702 3466 771 3530 Sed
788 3465 824 3528 in
839 3466 996 3548 partibus
1009 3464 1082 3530 De·

127 3572 243 3636 voniae
263 3577 298 3634 et
324 3567 520 3645 Gornubiae‚
538 3575 573 3632 et
590 3585 709 3631 versus
739 3572 855 3650 partes
883 3564 1082 3642 Bristolliae,

125 3671 314 3736 nonnullas
336 3688 443 3734 naves
467 3675 631 3751 ceperunt
647 3675 683 3732 et
698 3669 969 3744 combusserunt,
996 3685 1083 3747 quas

126 3771 305 3838 solitarias
330 3771 548 3846 invenerunt,
575 3775 611 3834 et
636 3785 875 3856 quoscunque¹
896 3773 1020 3830 nautas
1049 3774 1083 3830 et

125 3874 229 3950 aliua,
254 3891 343 3954 quos
369 3871 405 3934 in
435 3869 520 3953 ipsis
549 3871 766 3945 invenerunt,
784 3865 992 3931 occiderunt.
1036 3865 1084 3944 Et

126 3975 224 4039 feriis
244 3973 360 4048 tertia,
376 3979 513 4054 quarta,
530 3977 566 4034 et
580 3969 702 4052 quinta
719 3967 940 4031 hebdomadis
955 3965 1081 4030 Pente-

127 4081 258 4150 costes,
294 4071 386 4155 apud
421 4070 609 4154 Plymouth
640 4070 675 4133 in
703 4066 872 4144 Devonia‚
898 4065 999 4129 iidem
1031 4067 1083 4148 pi-

163 4253 171 4283 ¹
191 4248 311 4317 ‘procul’
328 4255 351 4303 is
362 4254 476 4315 wanting
492 4253 517 4301 in
530 4252 594 4312 lieg.
657 4245 667 4274 ²
682 4247 736 4296 The
747 4249 799 4295 rest
809 4244 838 4294 oi
850 4245 892 4293 the
907 4244 1050 4306 paragraph
1062 4245 1085 4292 is

126 4328 159 4377 Α.
172 4339 249 4376 xvrrr.
621 4318 736 4380 wanting
748 4318 773 4366 in
787 4317 850 4378 lieg.
861 4315 894 4365 A.
907 4327 983 4364 xvrrr.
