3036 5032
417 449 486 518 188
754 469 790 518 a.
814 466 1031 515 nnnrnunrr.

254 632 301 672 une
309 633 377 674 sartis
459 617 565 680 ‘Stetit
577 618 699 677 somnne
713 635 763 676 rex
777 616 952 676 Francorum
966 615 1011 675 die
1025 614 1127 686 Luna,

253 683 392 725 “mm
479 717 554 782 Ques
567 716 623 775 fuit
635 715 764 788 altisona,
777 734 866 794 prope
880 714 1013 794 ¹Peyters
1027 714 1136 773 decima
1148 732 1235 782 nona,

479 813 641 894 Septembri
653 832 759 886 mense,
773 813 841 872 dum
857 813 977 872 Francia
990 813 1096 872 corruit
1110 831 1187 882 ense,

480 913 568 972 Anno
582 921 650 971 tunc
665 912 783 983 Christi,
796 931 849 991 pro
863 911 1046 988 Francigeuis
1059 917 1129 989 puto
1142 909 1225 978 tristi,

480 1010 548 1069 Mil.
561 1019 606 1070 ter
619 1019 739 1069 centeno
753 1009 840 1068 semel
854 1008 891 1069 L.
905 1016 985 1068 sexto
999 1007 1163 1087 semipleno.

480 1107 537 1167 Jon
552 1126 602 1166 rex
615 1107 777 1186 praedictns,
790 1107 859 1166 belli
873 1107 1027 1166 certamine
1039 1106 1141 1177 victus,

482 1204 537 1264 Eat
550 1204 716 1282 captivatus,
731 1205 771 1263 sic
785 1223 873 1281 regno
884 1205 950 1282 jure
962 1203 1095 1273 nudatus,

482 1300 591 1378 Anglia
605 1321 662 1379 quo
676 1301 759 1372 ridet,
774 1310 803 1359 et
818 1301 938 1360 Francia
950 1320 1027 1360 nunc
1039 1301 1112 1359 bene
1126 1300 1212 1371 videt,

482 1397 568 1463 Quod
581 1397 655 1456 male
667 1399 798 1477 praefecit
811 1399 949 1477 quemvis,
963 1397 1060 1456 divina
1072 1398 1181 1474 rejecit.

483 1493 549 1552 Non
564 1495 628 1572 plus
641 1503 796 1574 praesnmat
808 1515 880 1572 gens
894 1494 1015 1564 Gallica,
1031 1493 1081 1552 sed
1095 1493 1148 1552 sibi
1162 1501 1255 1551 sumat

482 1591 605 1651 Edward
619 1592 655 1650 ad
669 1591 778 1661 florem,
792 1591 849 1651 Jcn
865 1593 976 1669 captivo
989 1591 1137 1669 potiorem,

483 1688 567 1747 Tunc
581 1689 685 1766 scripta
697 1689 761 1766 lege
775 1687 887 1747 florebit
901 1687 1022 1747 Francia
1035 1706 1113 1765 rege,

483 1785 524 1844 Et
537 1804 588 1844 rex
602 1804 754 1864 regnorum
768 1785 960 1844 dominabitur
972 1785 1021 1844 ille
1035 1785 1166 1844 duorum.

485 1881 593 1941 Merlin
607 1882 674 1941 dum
688 1883 766 1955 vixit,
780 1883 821 1942 sic
835 1892 987 1941 venturum
1001 1883 1063 1940 fore
1078 1882 1160 1951 dixit,

483 1978 524 2036 Et
538 1978 690 2039 Cumanus
704 1980 786 2056 signa
799 1979 848 2038 dat
860 1979 897 2038 ad
910 1979 965 2038 boc
978 1979 1032 2037 sibi
1044 1979 1135 2037 multa
1146 1979 1281 2058 benigna,

484 2075 563 2134 Hinc
576 2095 626 2134 rex
640 2076 779 2134 discretus
792 2077 848 2134 cito
862 2075 947 2134 vadat
959 2085 1038 2135 trans
1051 2093 1129 2134 mare
1142 2075 1226 2134 laetus

484 2172 530 2231 Ne
543 2173 674 2232 faciendo
686 2193 795 2242 moram
809 2182 992 2252 conquaestus
1005 2173 1132 2250 negligat
1145 2173 1263 2242 boram;

484 2271 588 2330 Pacem
602 2280 756 2330 tractantes
770 2280 889 2330 caveant
903 2271 966 2343 sibi,
981 2271 1037 2328 sint
1051 2271 1215 2347 rogitantes,
1253 2302 1256 2309 ·

486 2367 569 2448 Saepe
582 2369 728 2427 cicatrices
741 2369 769 2426 in
784 2369 904 2427 vulnera
916 2369 1009 2446 prisca
1023 2376 1175 2445 resurgunt
1185 2387 1195 2441 3

483 2466 587 2525 Intime
601 2486 655 2544 pax
669 2467 816 2545 quaeritur,
831 2467 881 2525 sed
894 2487 949 2545 pax
963 2468 1038 2525 bona
1050 2485 1108 2524 non
1122 2466 1262 2543 reperitur
1274 2487 1283 2533 ς

484 2563 607 2621 Facilius
620 2582 706 2621 nosse
718 2583 839 2640 regnum
853 2563 1003 2622 devincere
1017 2582 1107 2642 posse,

485 2659 579 2724 Quam
593 2659 722 2718 stabilem
735 2659 833 2737 pacem
846 2679 1023 2738 componere,
1037 2660 1083 2718 vel
1097 2659 1257 2732 efficacem3

486 2755 601 2814 Ducere
612 2757 660 2833 jus
675 2756 782 2816 clarum
796 2756 881 2815 finem
895 2757 1012 2835 cupiunt
1025 2756 1061 2815 ad
1074 2774 1212 2826 amarum,

486 2853 544 2918 Qui
558 2853 677 2911 suadent
690 2862 779 2912 artem
792 2872 845 2930 pro
858 2861 919 2912 toto
933 2872 1044 2911 sumere
1057 2862 1181 2930 partem.

487 2949 527 3009 Et
538 2968 641 3008 nomen
656 2950 774 3027 dignum
788 2950 829 3008 sic
843 2949 960 3028 perdere
974 2949 1059 3008 credo
1072 2949 1239 3026 malignum.

487 3047 551 3106 Rex
565 3049 620 3106 fuit
634 3048 795 3124 Anglcrum
809 3047 900 3104 victor
914 3047 1017 3104 totiens
1031 3047 1160 3114 aliorum,

488 3143 573 3209 Quod
586 3144 748 3202 fortunatus
761 3144 826 3202 talis
840 3153 885 3202 est
897 3143 993 3201 nullus
1007 3152 1163 3221 reputatus,

488 3241 558 3299 Plus
571 3241 649 3300 valet
661 3240 716 3298 boc
729 3259 812 3298 omen
826 3241 1020 3318 regnantibns,
1034 3249 1063 3297 et
1076 3239 1133 3298 tale
1147 3259 1260 3307 nomen,

488 3337 583 3402 Quam
597 3357 643 3396 res
656 3336 808 3405 mundana,
822 3357 888 3415 quae
902 3337 995 3395 labilis
1008 3346 1052 3395 est
1065 3336 1147 3415 quasi
1161 3355 1243 3404 vana,

490 3433 569 3492 Raro
582 3433 720 3492 bellantes
734 3441 801 3491 sunt
814 3432 928 3511 quidam
941 3434 1155 3492 contrariantes.

489 3530 603 3590 Nomen
616 3550 674 3589 non
688 3530 822 3608 gaudent,
836 3531 903 3608 quia
918 3532 1036 3588 vincunt
1050 3529 1113 3608 plus
1128 3530 1181 3588 sibi
1194 3529 1340 3609 plaudent.

488 3628 574 3686 Plebs
588 3628 659 3686 laesa
671 3627 735 3685 baec
747 3627 803 3685 fari
816 3627 878 3685 vult
892 3627 967 3703 regis
980 3626 1071 3685 bonor
1084 3626 1219 3696 mutilari,

491 3726 522 3785 si
535 3727 658 3784 nummis
672 3744 776 3784 nomen
789 3725 846 3785 Jon
862 3743 911 3783 rex
926 3724 1086 3783 vendantur
1099 3732 1128 3782 et
1141 3743 1244 3792 omen;

490 3823 557 3881 Vox
570 3822 666 3901 populi
680 3831 766 3892 certa,
780 3830 945 3882 constanter
958 3822 1034 3899 regis
1048 3821 1147 3887 amica,
1221 3875 1224 3880 .

490 3918 557 3978 Non
571 3927 683 3996 reputat
696 3939 800 3989 mores,
814 3938 866 3996 pro
879 3917 1003 3976 nummis
1016 3916 1139 3976 vendere
1153 3916 1247 3989 flores,

490 4015 586 4076 Scutis
601 4016 733 4076 Edwardi
746 4017 787 4074 sic
801 4015 854 4073 llos
868 4015 901 4073 fit
914 4034 1010 4074 amore
1024 4014 1151 4092 leopardi

489 4112 575 4179 Quod
588 4132 719 4172 resecans
732 4113 826 4182 flores,
841 4112 975 4172 Edwardi
987 4111 1061 4170 tollit
1075 4111 1215 4179 honores;

490 4211 577 4270 Absit
591 4211 631 4270 sic
645 4211 706 4269 fieri
721 4211 823 4270 clamat
837 4210 970 4278 discretio
984 4209 1061 4278 cleri,

788 4341 796 4372 ¹
816 4344 835 4393 i.
846 4357 867 4393 e.
886 4342 1022 4391 Poictiers.
