3036 5032
426 449 492 514 168
774 467 809 514 A.
828 465 1041 514 nunrnurn.

429 627 612 692 Domuum
643 623 906 707 magnificantes
939 643 1044 706 super
1078 629 1178 687 tanto
1206 621 1383 706 triumpho

429 726 560 809 talique
575 725 740 804 victoria;
767 724 970 801 clamantes,
993 723 1221 788 ‘Benedictus
1239 724 1286 787 sit
1306 722 1380 786 An-

428 842 610 902 mssran‚
626 827 685 909 qui
701 825 806 890 talem
831 830 1038 906 potestatem
1055 823 1151 887 dedit
1172 822 1382 898 hominibus,

428 933 468 990 ut
495 932 549 991 tot
571 934 606 990 et
631 925 719 990 tanti
748 943 906 1008 proceros
928 931 964 988 et
993 923 1169 998 sublimes,
1196 923 1320 986 famosi
1345 930 1381 987 et

427 1026 532 1106 digni,
557 1025 684 1090 divites
722 1034 757 1089 et
788 1025 973 1107 sapientes,
1001 1023 1106 1088 fortas
1136 1030 1172 1086 et
1214 1022 1381 1100 bellicosi,

428 1125 646 1190 traderentur
657 1127 693 1189 in
711 1143 833 1189 manus
850 1143 1051 1207 paucorum,
1065 1130 1106 1187 ut
1128 1123 1279 1187 breviter
1300 1142 1378 1186 snc-

428 1227 601 1290 cumbent.
653 1224 684 1289 0
703 1224 779 1288 dira
794 1224 1007 1289 mortalitas!
1036 1221 1067 1286 0
1083 1222 1182 1286 affusi
1199 1223 1380 1304 sanguinis

427 1325 660 1390 immensitas!
713 1324 911 1407 Philippum
944 1322 1069 1408 dejecit
1101 1330 1380 1406 praesumptnosa

427 1425 552 1490 elatio!
601 1424 807 1489 Edwardum
833 1423 1005 1488 exaltavit
1023 1422 1121 1487 tirma
1147 1441 1227 1505 spes
1250 1423 1286 1486 in
1303 1423 1376 1486 Do-

428 1527 539 1590 nino!
567 1525 714 1588 Francia
728 1524 887 1605 deplorat
910 1523 999 1586 diem
1023 1521 1221 1600 infortunii;
1244 1521 1378 1604 Anglia

426 1625 602 1690 collaudat
617 1624 706 1688 diem
728 1623 861 1688 felicem
886 1621 1114 1686 confortantis
1131 1622 1262 1704 gaudii,
1277 1641 1379 1704 quem

426 1733 592 1806 praestare
609 1725 818 1807 dignabatur
836 1723 1006 1788 Dominus
1035 1721 1149 1787 Jnsus
1178 1721 1378 1800 Cumsvus

427 1825 481 1888 cni
499 1825 575 1889 laus
590 1831 625 1889 et
639 1825 753 1907 gloria
769 1844 831 1906 per
849 1822 1053 1887 saeoulorum
1073 1821 1201 1886 saecula
1213 1819 1251 1887 !'¹

263 1940 412 1990 contempora·
477 1924 605 1990 Eodem
624 1932 777 2008 tempore
794 1923 877 1987 anni
891 1922 1056 2006 praedicti,
1075 1941 1145 2004 qno
1161 1923 1277 1985 omnia
1292 1943 1377 2005 prae-

263 2001 330 2029 neonr
340 2001 385 2040 pro·

263 2041 400 2131 66666666
426 2023 519 2090 dicta
534 2026 662 2090 fiebant
685 2026 720 2088 in
746 2023 905 2100 Francia,
931 2035 1045 2087 comes
1065 2022 1205 2086 Derbiae
1221 2023 1377 2087 existens

262 2101 359 2230 rgffceo'ii
426 2124 461 2188 in
487 2125 644 2208 partibus
673 2124 857 2190 Vaseoniae
888 2141 967 2187 cum
989 2123 1062 2186 suis
1088 2123 1379 2187 commilitonibus

283 2201 366 2241 ‘my'
426 2226 660 2301 validissimis,
675 2232 746 2290 tarn
761 2223 920 2306 Anglicis
948 2242 1052 2306 qnam
1069 2221 1377 2300 Vasconiensibns,

426 2327 545 2390 nolens
563 2347 600 2391 se
617 2334 752 2408 tempus
777 2324 948 2408 protelare
965 2324 1039 2386 sina
1056 2322 1191 2400 effectu,
1207 2323 1268 2386 sed
1283 2331 1377 2406 post·

426 2446 530 2508 quam
548 2425 757 2511 conquisivit
774 2425 890 2489 villam
911 2423 954 2486 de
979 2423 1184 2504 Briggerak,
1202 2443 1279 2488 cum
1299 2424 1378 2488 aliis

423 2627 499 2690 hori
523 2633 558 2690 et
577 2625 729 2709 periculo
755 2625 988 2689 indesinenter
1011 2624 1186 2706 exposuit,
1202 2623 1238 2686 in
1261 2623 1376 2688 eundo

424 2745 545 2790 versus
577 2725 757 2790 castellum
795 2726 837 2790 de
864 2723 1050 2801 Alberoch,
1084 2743 1147 2806 pro
1185 2724 1378 2788 amovenda

424 2826 601 2891 obsidione
623 2845 727 2909 qnam
751 2825 860 2890 eidem
883 2831 1072 2908 posuerant
1089 2843 1203 2888 comes
1218 2824 1261 2888 de
1287 2823 1377 2906 Lyle

1498 2443 1499 2480 l

426 2526 562 2609 oppidis
589 2533 624 2590 et
647 2526 738 2590 villis
760 2524 1034 2608 quampluribus,
1058 2543 1096 2587 se
1118 2543 1195 2587 cum
1227 2523 1300 2587 suis
1326 2524 1376 2587 la·

423 2933 458 2990 et
473 2945 589 2991 comes
605 2926 647 2990 de
665 2924 863 3011 Valentyne
881 2944 959 2989 cum
988 2924 1129 3007 copiosa
1155 2924 1375 2988 multitudine
1498 2923 1499 2940 r

456 3121 463 3150 ¹
482 3123 551 3173 Here
568 3124 667 3174 follows
683 3125 726 3174 the
744 3125 789 3175 list
801 3126 829 3174 of
840 3125 883 3174 the
944 3124 1035 3174 Comes
1048 3125 1205 3176 Montillerd.

420 3199 490 3242 most,
506 3195 692 3256 distinguished
717 3197 805 3245 nobles
824 3196 883 3244 who
943 3194 1035 3244 Comes
1061 3196 1184 3259 Noverre,
1211 3211 1268 3246 cnm
1296 3196 1375 3246 fratre

418 3279 487 3312 were
505 3263 569 3312 slain
581 3270 607 3314 at
618 3265 721 3326 Gressy,
735 3266 839 3315 alluded
856 3271 882 3314 to
972 3266 1065 3327 ipsius.

419 3335 507 3396 above,
523 3350 549 3395 p.
565 3339 623 3395 166,
637 3337 684 3384 but
702 3336 810 3386 without
831 3351 882 3396 any
943 3335 1035 3385 Comes
1045 3335 1169 3386 Bemond.
1498 3379 1499 3406 6

419 3405 565 3453 titleinthe
577 3405 633 3454 MS.
942 3406 1068 3454 Dominus
1096 3406 1300 3469 Russingburgh,
1329 3409 1374 3469 qui
1498 3407 1499 3468 Ῑ

972 3476 1021 3524 fuit
1039 3476 1165 3525 maximus
1181 3477 1296 3526 Franciae
1316 3483 1374 3539 post

435 3544 642 3596 ‘Rex.Boemiae.
971 3561 1065 3608 regem.
1153 3599 1155 3602 ,
1498 3543 1499 3630 6

453 3614 517 3663 Dux
528 3615 668 3676 Lorengiae.
943 3616 1017 3664 Prior
1044 3616 1187 3677 Hospitalis
1214 3618 1295 3666 sancti
1327 3617 1371 3668 Jo-

451 3684 667 3746 Archiepiscopus
676 3683 880 3736 Cenomanensis.
971 3687 1070 3736 hannis.
1498 3693 1499 3756 6

452 3755 596 3816 Episcopus
608 3756 707 3806 Neom’.
941 3755 1068 3805 Dominus
1079 3757 1110 3805 de
1123 3755 1235 3818 Mor-tell.

451 3824 542 3874 Comes
553 3825 674 3874 Alanson.
941 3825 1066 3875 Dominus
1078 3826 1110 3876 de
1121 3826 1248 3876 Tirwann.

451 3894 543 3943 Comes
549 3895 808 3958 Harconrt,cumfiliis
816 3898 878 3946 suis.
940 3895 1065 3945 Dominus
1077 3897 1199 3957 Seynard.

450 3964 541 4013 Comes
552 3963 667 4017 Aucerr’.
940 3966 1066 4015 Dominus
1077 3967 1109 4016 de
1121 3968 1201 4028 Cayn.

449 4034 540 4084 Comes
550 4035 703 4087 Albemarle.
941 4037 975 4085 Et
991 4037 1024 4085 de
1040 4037 1098 4086 aliis
1117 4038 1239 4086 militibus
1255 4043 1281 4087 et
1296 4040 1368 4087 armi-

449 4105 540 4154 Comes
551 4107 657 4168 Savoye.
971 4108 1037 4169 geris
1055 4108 1189 4168 plusquam
1209 4108 1261 4156 duo
1280 4109 1367 4169 millia,

448 4175 539 4226 Comes
552 4177 639 4238 Bloys.
970 4193 1000 4226 ac
1023 4177 1055 4226 de
1078 4178 1221 4227 hominibus
1243 4178 1276 4227 de
1303 4193 1366 4228 oom-

448 4246 538 4297 Comes
550 4247 570 4295 F
571 4247 686 4298 landriae.
967 4249 1039 4306 muni
1052 4249 1105 4296 sine
1117 4247 1238 4298 numero.’
