3010 5030
479 483 1067 550 orcomenam

118 668 215 742 gentz
233 659 277 724 de
294 677 335 723 su
353 665 453 736 terre,
472 665 507 723 et
521 660 602 722 mist
619 675 768 723 asccuns
783 675 805 721 a
821 658 949 722 vilaine
967 655 1067 736 murt,
1081 668 1200 712 sennes

1059 709 1143 762 ’Ῑῐθῒῑθ
1151 726 1174 760 to

11 779 12 796 ³
118 767 148 824 et
164 757 226 824 des
244 774 377 824 ascens·
390 759 449 824 fist
469 761 616 842 prendre
631 760 709 823 lour
730 759 827 822 biens
856 766 891 823 et
913 777 974 823 cec
991 755 1134 842 q'ilsw
1082 774 1134 814 Edu
1136 771 1178 811 ard

118 868 279 944 avoyent,
292 867 328 924 et
345 877 468 924 ascens
491 861 572 924 mist
589 879 611 923 a
626 878 789 936 raunscn,
807 866 843 923 et
867 879 928 924 ceo
953 879 997 942 qe
1015 868 1068 924 est

11 1001 12 1052 i
118 969 298 1025 areuutza
314 961 364 1024 lui
381 977 444 1044 par
461 967 555 1026 ceste
571 979 704 1037 causes,
719 975 807 1025 vous
823 960 856 1024 le
873 977 986 1025 savez.
1022 961 1069 1024 Et
1167 1003 1171 1008 -

118 1062 204 1142 puis,
222 1061 303 1138 sire,
321 1081 364 1124 en
389 1068 487 1126 tetre
511 1069 623 1144 temps
651 1061 747 1125 aviez
776 1078 900 1125 ascens
923 1059 1068 1132 conseilff

11 1201 12 1228 r
118 1161 221 1239 lours,
238 1177 303 1244 par
330 1161 364 1224 le
381 1179 497 1244 queux
512 1181 600 1226 vous
620 1161 718 1226 avieu
744 1161 850 1244 perdu
877 1161 927 1224 les
944 1180 1069 1244 queurs

11 1287 12 1336 r
118 1262 156 1326 de
170 1271 271 1326 rotro
284 1262 419 1344 poeple,
434 1261 477 1326 de
494 1262 622 1344 quienx
645 1261 743 1325 Drnu
762 1279 849 1326 vous
867 1259 1019 1326 delivera
1040 1263 1070 1324 si

11 1377 12 1416 3
119 1351 213 1426 come
234 1362 285 1425 lui
310 1362 415 1444 plnst.
475 1363 522 1426 Et
545 1363 623 1444 puis
654 1369 760 1445 tanqe
782 1379 886 1426 encea
915 1381 980 1444 par
1002 1363 1070 1426 bon

121 1463 309 1526 nuisement
336 1463 379 1526 de
403 1463 547 1546 prelata,
565 1463 676 1546 pieres
694 1471 829 1545 grantz,
847 1470 883 1526 et
905 1481 1006 1544 seges
1024 1462 1070 1525 du

120 1563 246 1627 conseil
261 1562 305 1625 de
321 1561 357 1625 la
374 1568 464 1627 terre
476 1580 539 1628 vos
549 1564 733 1645 bosoignes
745 1571 830 1627 eunt
844 1570 937 1626 estez
954 1583 1072 1626 menez

120 1663 231 1727 entiel
249 1681 388 1731 manere
397 1681 442 1746 qe
453 1681 541 1728 vous
552 1681 637 1728 avez
648 1664 871 1728 entierernent
882 1663 933 1727 les
947 1682 1072 1746 queors

11 1843 13 1854 ‚
120 1764 160 1828 de
175 1778 266 1828 vous
275 1769 389 1845 gente,
405 1765 440 1846 qi
455 1781 542 1828 vous
559 1772 644 1828 cunt
660 1764 777 1848 eydez,
791 1763 876 1827 auxi
892 1763 972 1827 bien
985 1763 1072 1826 clers

11 1855 13 1906 ἕ
121 1881 216 1928 cume
233 1871 362 1940 autres,
380 1865 410 1927 si
427 1872 533 1928 avaut
549 1884 595 1928 ou
613 1865 691 1947 plns
709 1883 806 1929 cume
823 1881 933 1947 unqes
950 1859 1072 1928 fut'roi

120 1961 376 2046 d’Engleterre3
400 1963 502 2029 issint
518 1983 561 2047 qe
579 1983 701 2048 parmy
712 1972 808 2029 vctre
825 1967 914 2028 bone
932 1965 1072 2042 conseil,

120 2064 219 2129 l'eide
243 2063 287 2128 de
307 2082 370 2130 ves
396 2073 511 2146 gente,
529 2074 564 2129 et
591 2065 627 2128 la
651 2083 755 2147 grace
780 2085 823 2147 qe
842 2065 970 2129 Drnux
987 2083 1074 2128 vous

11 2173 12 2190 ³
121 2165 164 2228 ad
188 2165 311 2244 donee,
332 2181 417 2230 avez
442 2185 485 2230 eu
517 2166 659 2230 victorie
688 2165 810 2230 devers
836 2184 923 2230 vous
946 2166 1074 2230 cnemis

122 2265 301 2343 d'Escuce,
319 2274 354 2329 et
371 2265 414 2330 de
430 2267 575 2344 France,
587 2272 622 2330 et
640 2263 683 2329 de
694 2272 790 2330 toutz
808 2283 900 2348 pars,
912 2265 1013 2330 issiut
1030 2285 1073 2347 qe

122 2366 239 2450 aj0ur
256 2366 299 2430 de
311 2365 380 2443 hui,
399 2365 548 2431 honorez
565 2366 634 2430 soit
651 2365 793 2444 Dluux,
812 2385 899 2431 vous
916 2373 1007 2431 estes
1024 2370 1076 2430 te-

123 2485 187 2530 nua
202 2466 236 2530 le
253 2467 332 2549 plus
349 2467 452 2531 noble
468 2467 585 2550 prince
604 2465 647 2530 de
662 2465 857 2546 Crestiens3
886 2474 921 2531 et
937 2486 995 2532 ore
1012 2484 1076 2549 par

122 2567 280 2650 malveys
296 2567 425 2631 conseil
441 2576 477 2631 et
491 2569 571 2632 abet
589 2566 649 2630 des
667 2585 789 2631 ascens
803 2575 907 2649 genez
923 2567 966 2631 de
983 2576 1076 2632 ceste

124 2673 226 2745 terre,
245 2668 281 2748 qi
302 2687 346 2730 ne
361 2675 439 2731 sont
457 2687 520 2750 pas
536 2669 566 2730 si
581 2687 666 2749 sege
683 2686 780 2732 come
795 2677 921 2732 mestre
938 2666 1023 2745 seut,
1041 2675 1076 2732 et

123 2785 186 2848 par
203 2767 336 2830 conseil
352 2768 412 2832 des
430 2776 558 2845 autres,
579 2769 614 2852 qi
631 2769 711 2850 plus
727 2768 880 2832 desinent
902 2768 979 2832 lour
996 2787 1076 2852 pro-

124 2867 181 2931 dat
207 2887 252 2950 qe
277 2875 375 2932 vctre
406 2867 529 2945 benur,
549 2888 596 2932 ou
623 2868 820 2933 salvaticun
847 2866 947 2932 dela
974 2877 1076 2946 terre,

125 2986 213 3032 vous
238 2985 453 3032 commencez
469 2968 512 3032 de
529 2968 676 3052 prender
697 2969 798 3045 clers,
820 2969 943 3051 pieres,
960 2975 995 3032 et
1016 2988 1076 3032 au-

124 3076 194 3132 tres
210 3075 315 3150 gentz
328 3067 371 3133 de
385 3069 421 3132 la
438 3077 538 3146 terre,
554 3087 576 3133 e
591 3069 691 3152 quele
709 3068 831 3150 garder
847 3075 882 3132 et
899 3069 1077 3133 meintenir

125 3187 212 3232 vous
223 3177 316 3233 estes
326 3175 443 3234 tenutz
457 3187 521 3252 par
532 3169 755 3234 sermentfait
765 3187 787 3233 a
799 3176 898 3234 votre
909 3188 1075 3233 ccroune·

124 3276 231 3347 ment,
248 3277 283 3333 et
304 3289 348 3334 en
370 3277 489 3334 contre
511 3269 546 3334 la
562 3266 678 3335 Grant
702 3269 861 3346 Chartre,
876 3270 961 3333 dont
982 3276 1078 3334 toutz

124 3377 204 3434 scut
231 3387 454 3452 escomengez
480 3389 543 3453 par
568 3377 664 3435 tcutz
681 3371 813 3453 prelata
828 3369 1078 3452 d'Eugleterre‚

124 3471 161 3552 qi
175 3471 321 3552 vignent
333 3471 367 3534 al
389 3473 544 3536 incontre
558 3491 623 3554 par
643 3476 805 3537 sentence
827 3459 999 3536 conforme
1016 3490 1080 3555 par

126 3571 221 3634 balle
231 3570 274 3636 de
284 3589 387 3654 pape,
397 3572 433 3636 la
444 3572 544 3655 quele
558 3589 645 3636 nous
657 3590 766 3636 avons
775 3572 897 3636 devers
906 3591 1008 3645 ncns;
1029 3571 1079 3636 les

125 3671 248 3754 queles
273 3671 395 3736 choses
412 3679 493 3736 sont
515 3671 598 3737 faitz
616 3691 659 3735 en
681 3681 785 3754 grant
802 3673 889 3755 peril
912 3672 955 3737 de
981 3680 1079 3736 votre

126 3772 231 3850 alme,
253 3779 289 3836 et
315 3791 359 3836 en
384 3780 643 3838 amenusement
667 3770 710 3836 de
728 3781 826 3837 votre
847 3773 968 3836 honur.
1022 3771 1079 3847 Et,

126 3873 208 3950 sire,
235 3881 374 3936 coment
405 3893 447 3956 qe
475 3891 621 3938 mesmes
652 3891 740 3938 ceux
766 3873 801 3955 qi
832 3893 891 3936 ere
919 3892 956 3937 se
983 3872 1081 3937 suunt

126 3991 346 4055 governours
378 3980 414 4037 et
442 3975 667 4039 conseilluurs
695 3973 774 4056 plus
803 3979 909 4038 avant
938 3993 981 4056 qe
1004 3972 1082 4061 leur

126 4080 221 4137 estat
255 4073 381 4150 donne,
415 4079 450 4137 et
476 4071 553 4158 ¹[eu
583 4091 670 4140 vous
697 4073 866 4154 donaunt]
905 4092 991 4137 vous
1021 4091 1081 4136 en-

127 4173 249 4237 tendre
276 4193 320 4256 qe
346 4193 407 4237 ceo
434 4195 476 4256 qe
505 4195 592 4239 vous
619 4194 678 4238 ore
698 4174 811 4250 faites,
834 4180 899 4250 est,
926 4180 961 4237 et
988 4192 1083 4236 serra

297 4341 304 4371 ¹
322 4343 404 4393 These
415 4345 500 4394 words
511 4359 554 4394 are
565 4345 628 4394 from
639 4345 783 4407 Avesbury,
795 4360 811 4392 a
823 4345 934 4395 Heume.
