3010 5030
501 474 725 522 ouuourcou.
1027 457 1093 521 139

134 631 274 696 taudem
295 631 470 714 magnifici
493 632 678 716 principos,
692 633 821 697 domini
836 633 914 698 Odo
930 634 1092 716 Burgun-
1104 649 1212 688 Tarm

134 733 212 809 diae,
227 739 265 796 et
275 731 403 796 Petrus
420 733 636 810 Borbonesii,
653 733 770 809 duces,
786 753 847 816 per
863 734 1033 812 Franciae,
1050 751 1092 800 ac
1103 700 1213 740 ‘mm

135 832 311 896 Henricus
339 832 382 896 de
409 831 617 897 Lancastria
639 832 792 910 Derbiae,
820 834 1027 898 Wilhclmus
1049 833 1092 898 de

136 931 284 996 Bohoun
302 931 345 996 de
364 931 667 1015 Northamptonia,
683 932 880 997 Willelmus
895 935 938 998 de
954 933 1093 998 Mouta-

135 1038 238 1095 acuto
264 1031 476 1108 Sarisberiae,
504 1032 659 1108 comites,
685 1027 722 1096 et
751 1032 883 1097 nobiles
908 1035 986 1110 viri,
1014 1033 1092 1097 Ra-

135 1130 286 1213 dulphus
314 1132 357 1194 da
384 1131 548 1208 Stafford,
578 1131 854 1196 Bartholomaeus
885 1131 929 1196 da
955 1133 1090 1215 Bourg-

135 1230 250 1306 hersh,
283 1229 476 1295 Nicholaus
508 1232 551 1295 de
578 1231 778 1314 Cantilupo,
807 1232 1022 1314 Reginaldus
1048 1232 1092 1296 de

136 1329 324 1407 Gobeham,
359 1330 538 1396 Walterus
571 1331 615 1394 de
644 1330 791 1414 Manny,
824 1331 1015 1396 Mauricius
1049 1332 1092 1396 de

136 1428 340 1512 Berkalaye,
388 1438 425 1494 et
460 1430 627 1512 magister
664 1429 843 1495 lohannes
892 1432 935 1495 de
970 1430 1091 1496 Ufford

136 1529 399 1593 archidiaconus
426 1529 587 1607 Eliensis,
613 1550 675 1612 per
701 1527 853 1612 Angliae,
878 1551 977 1613 reges
1003 1550 1091 1614 prae·

135 1629 260 1705 dictos,
290 1629 333 1692 ad
360 1628 585 1711 infrascripta
611 1630 789 1694 uobiscum
820 1631 1012 1708 tractanda,
1057 1639 1093 1695 et

136 1738 253 1792 corani
271 1726 387 1792 ²nobis
420 1729 600 1808 firmanda,
624 1738 660 1794 et
685 1730 790 1794 etiam
811 1731 847 1793 in
871 1731 1005 1794 animas
1022 1730 1110 1793 dio--

137 1835 249 1892 torum
293 1847 412 1910 regum
450 1829 658 1912 juramentis
694 1829 858 1894 vallanda
896 1830 1093 1913 specialiter

136 1927 307 2011 deputati,
339 1935 374 1992 et
398 1947 503 2012 snper
525 1929 578 1992 his
602 1931 647 1993 ab
681 1929 809 1992 eisdem
841 1931 981 2010 regibus
1013 1917 1092 2012 spe·

136 2027 223 2093 ciale
245 2028 444 2091 mandatum
461 2028 640 2106 habentes
667 2027 856 2111 permultos
879 2037 914 2092 et
937 2029 1092 2094 diversos

137 2134 309 2191 tractatus
335 2147 452 2192 coram
479 2129 590 2206 uobis,
612 2136 717 2212 prout
742 2129 909 2212 sequitur,
925 2128 1092 2192 concord·

136 2234 252 2292 arunt.

178 2325 207 2364 ²⁶
219 2327 476 2392 Concordatum
493 2335 548 2392 est
564 2329 656 2410 quod
672 2328 717 2392 ob
737 2328 965 2392 reverentiam
982 2328 1092 2392 ecclo-

136 2427 208 2504 siae,
225 2433 262 2490 et
286 2426 330 2489 ad
352 2424 617 2490 succurrendum
643 2427 734 2490 malo
758 2429 865 2493 statui
885 2426 1091 2492 Christiani·

136 2527 232 2603 tatis,
268 2533 304 2608 et
338 2526 553 2590 subeundum
585 2526 826 2609 indempnitati
857 2529 1092 2611 subjectorum

135 2626 307 2691 dictorum
338 2645 456 2707 regum
474 2626 631 2690 Franciae
658 2632 694 2690 et
711 2625 862 2708 Angliae,
888 2635 924 2691 et
952 2635 1093 2710 propter

136 2725 302 2789 honorem
345 2725 560 2790 dominorum
597 2724 835 2803 cardinalium,
868 2727 1092 2791 tractantium

136 2843 259 2907 pacem
287 2831 323 2888 et
349 2824 568 2888 concordiam
596 2824 686 2889 inter
708 2825 820 2889 dictos
846 2844 967 2906 reges;
1001 2827 1093 2908 quod

136 2943 243 3007 super
271 2924 428 2988 omnibus
460 2925 704 2988 controversiis
750 2931 786 2988 et
821 2925 1093 2989 discussionibus

136 3025 322 3088 mittantur
339 3022 447 3105 aliqui
469 3022 511 3086 de
536 3023 704 3106 sanguine
722 3023 891 3087 dictorum
909 3043 1040 3104 regum,
1059 3034 1094 3088 et

137 3123 246 3206 aliqui
271 3121 343 3200 alii,
361 3122 405 3185 ad
431 3122 561 3186 curiam
580 3123 788 3198 Romanam,
806 3129 1014 3204 potestatem
1033 3122 1093 3186 ha-

137 3224 259 3286 bentes
291 3222 534 3300 concordandi,
551 3221 720 3299 firmandi,
738 3228 774 3285 et
790 3222 974 3285 roborandi
991 3240 1095 3304 super

135 3321 315 3404 praedictis
362 3322 551 3386 secundum
593 3329 779 3386 tractatum
820 3322 951 3386 domini
985 3323 1095 3386 nostri

137 3441 239 3504 papae
263 3429 299 3485 et
318 3427 545 3486 tractatorum
569 3422 831 3504 praedictorum:
851 3428 1016 3503 potemmt
1036 3441 1094 3486 au·

138 3529 208 3585 tem
237 3527 357 3603 partes
391 3521 543 3587 rationes
577 3539 659 3585 suas
686 3540 802 3585 coram
835 3521 927 3586 dicto
956 3520 1094 3586 domino

137 3639 232 3703 papa
262 3619 375 3683 dicere
402 3626 438 3683 et
462 3639 665 3703 proponere,
703 3640 774 3685 uon
800 3621 845 3684 ad
875 3621 976 3684 finem
1004 3620 1095 3684 doci·

136 3721 245 3784 sionis
278 3726 314 3783 et
343 3718 490 3783 lerendae
520 3719 713 3796 sententiaa,
742 3720 804 3784 sed
830 3720 981 3785 melioris
1007 3729 1094 3784 trac-

137 3827 247 3895 tatus,
265 3824 301 3883 et
317 3819 413 3901 pacis
428 3819 562 3883 fiendae.

189 3919 318 3995 ‘Item,
351 3919 443 4001 quod
477 3918 635 3999 praedicti
665 3918 824 3982 mittendi
850 3919 920 3981 sint
946 3919 982 3981 in
1006 3937 1095 4001 prae-
1145 3929 1148 3936 ’

174 4149 182 4180 ¹
200 4151 306 4214 ‘vobis‚’
318 4151 379 4201 MS.
636 4149 742 4211 original
754 4147 851 4198 Frenoh
863 4148 888 4196 in
899 4147 1042 4211 Avesbury,
1053 4163 1098 4209 pp.

176 4219 187 4249 ²
198 4223 249 4272 For
259 4222 330 4272 what
336 4221 435 4272 follows
444 4221 505 4284 this,
513 4235 556 4271 see
567 4220 609 4270 the
639 4223 778 4269 loa-1⁰9.
