3010 5030
511 449 729 498 cunomoou.
1034 435 1098 499 147

146 614 178 671 et
208 608 314 672 etiam
350 609 445 672 inter
477 608 547 673 aiia
587 606 844 684 concordatum,
875 608 968 691 quod
1000 609 1095 674 ‘circa
1105 620 1246 712 {mam

143 706 268 771 festum
312 708 518 772 Nativitatis
555 708 668 772 sancti
705 707 874 772 Johannis
910 709 1092 792 Baptistae,
1105 733 1165 773 rore·

143 809 298 888 proxime
336 808 501 885 futurum,
535 809 719 874 mittantur
744 828 789 872 ex
815 817 963 890 utraque
993 818 1093 890 parte

143 907 185 970 ad
233 909 365 972 curiam
412 909 608 973 Romanam
653 907 824 972 solemnes
865 909 979 972 nuncii
1014 929 1090 974 cum

143 1013 316 1088 potestate
341 1007 536 1086 sufficienti,
563 1009 607 1072 ad
634 1007 854 1072 tractandum
876 1028 993 1072 coram
1020 1009 1093 1074 dic·

144 1113 179 1171 to
197 1107 337 1172 domino
357 1107 625 1192 'pontifice-non
647 1115 688 1172 ut
706 1126 799 1190 papa
822 1108 878 1172 rel
901 1115 942 1172 ut
961 1109 1092 1193 judice,

143 1207 202 1270 sed
243 1227 392 1290 persona
433 1209 570 1290 privata
610 1216 646 1272 et
682 1209 793 1272 amico
831 1209 1013 1284 communi,
1050 1210 1093 1274 de

142 1325 226 1388 pace
258 1315 294 1372 et
326 1307 418 1373 finali
448 1306 632 1373 concordia
666 1309 757 1372 inter
794 1327 857 1372 nos
892 1316 928 1372 et
962 1309 1092 1373 dictum

144 1405 345 1491 Philippum
372 1427 434 1490 per
461 1409 532 1472 Dm
563 1408 711 1490 gratiam
738 1405 965 1472 reformanda.
1016 1408 1091 1473 Nos

142 1507 297 1572 volentes
317 1528 360 1572 ea
385 1527 463 1592 quae
485 1509 521 1572 in
548 1508 614 1571 hac
642 1515 741 1590 parte
769 1508 928 1572 condicta
952 1509 1092 1574 fuerunt

140 1627 182 1670 ac
197 1609 388 1690 praemissa,
406 1617 577 1691 qnatenus
594 1608 638 1671 ad
656 1628 718 1671 nos
736 1608 871 1684 attinet,
886 1609 1090 1686 observare;

143 1727 183 1770 ac
197 1707 241 1772 de
258 1708 433 1785 fidelitate,
452 1717 487 1774 et
500 1708 805 1790 circumspectione
820 1708 977 1790 provida,
989 1728 1092 1773 vene·

146 1808 244 1871 randi
271 1809 307 1871 in
331 1807 496 1873 Cflnrsro
518 1809 629 1891 patris
653 1807 677 1872 J
682 1803 860 1892 [ohannis]
886 1808 1093 1873 Exoniensis

141 1909 308 1990 episcopi,
340 1928 381 1972 ac
413 1909 618 1974 dilectorum
646 1916 681 1973 et
717 1907 869 1971 fidelium
897 1915 1092 1973 nostrorum

143 2007 290 2071 chrici
306 2009 349 2072 de
367 2008 581 2089 Lancastria,
595 2008 731 2072 comitis
748 2007 900 2084 Derbiae,
915 2016 951 2072 et
966 2008 1092 2091 Hugo·

142 2108 194 2171 uis
204 2107 237 2172 le
252 2109 454 2190 Dispenser,
464 2108 593 2174 domini
605 2106 680 2193 [de]
695 2106 922 2189 Glamorgan,
937 2107 1093 2173 ¹consan-

140 2206 348 2288 guineorum
373 2217 581 2285 nostrorum,
605 2215 640 2272 et
665 2206 842 2290 Radulphi
862 2207 905 2271 de
930 2207 1092 2287 Stafford,

140 2309 293 2386 baronis,
327 2309 486 2390 magistri
510 2307 676 2372 Willelmi
700 2308 743 2372 de
772 2307 947 2385 Norwico‚
972 2308 1092 2373 decani

141 2407 408 2485 Lincolniensis,
433 2407 601 2473 Wiilelmi
625 2407 768 2472 Trussel
800 2407 931 2485 militis,
959 2415 994 2472 et
1019 2429 1092 2473 ma-

141 2509 242 2588 gistri
259 2507 410 2572 Andreae
424 2509 467 2574 de
487 2507 627 2572 Ufforde
640 2507 730 2592 juris
747 2507 860 2571 civilis
876 2508 1092 2590 professoria

142 2607 281 2690 plenam
300 2608 457 2674 fiduciam
485 2609 692 2686 obtinentes,
709 2608 805 2690 ipsos
819 2605 912 2685 ²sex,
926 2611 1091 2693 quinque,

140 2716 293 2790 quatuor
310 2717 371 2773 aut
393 2716 464 2773 tres
486 2727 618 2783 eorum,
634 2709 777 2772 nuncios
794 2715 830 2771 et
852 2718 1092 2791 procuratores

141 2817 280 2873 nostros
295 2808 440 2873 facimus
457 2816 492 2873 et
516 2808 756 2880 constituimus
773 2809 953 2890 specialeS,
970 2810 1091 2876 dantes

142 2915 176 2971 et
198 2909 427 2973 concedentes
457 2907 575 2973 iisdem
597 2928 674 2983 sex,
697 2908 860 2991 quinque,
885 2916 1036 2989 quatuor
1057 2918 1092 2993 et

141 3009 252 3072 tribus
275 3028 407 3084 eorum,
429 3009 567 3092 plenam
590 3015 811 3091 potestatem,
828 3013 863 3070 et
889 3009 1090 3073 mandatum

139 3109 303 3190 speciale,
317 3109 361 3172 ad
373 3109 592 3173 tractandum
606 3125 720 3173 coram
730 3107 823 3170 dicto
834 3105 972 3172 domino
985 3105 1091 3192 [sum-

141 3207 214 3290 mo]
249 3209 425 3291 pontifice,
457 3229 526 3274 non
564 3216 603 3272 nt
634 3208 763 3292 judice,
795 3206 855 3272 sed
891 3215 931 3272 nt
953 3210 1091 3292 privata

141 3327 290 3391 persona
314 3307 373 3373 ³et
394 3309 504 3374 amico
530 3309 713 3385 communi,
737 3308 864 3372 nonin
890 3308 1010 3386 forma,
1028 3329 1090 3375 nec

140 3409 174 3472 in
195 3409 311 3492 figura
330 3409 466 3494 judicii,
494 3405 588 3494 [sed]
613 3408 934 3493 extrajndicialiter,
957 3412 1091 3475 etami·

139 3510 308 3587 cabiliter,
344 3507 438 3573 ⁴cum
476 3509 757 3592 procuratoribus
792 3510 902 3591 partis
940 3511 1091 3575 adversae

139 3612 244 3693 super
268 3609 349 3694 jure
364 3610 456 3692 quod
480 3609 657 3687 habemus,
676 3610 732 3673 vel
750 3609 876 3674 habere
890 3611 1090 3692 poterimuS,

138 3710 181 3774 ad
208 3717 353 3792 regnum
369 3716 405 3773 ct
427 3729 588 3774 coronam
614 3710 793 3789 Franciae3
829 3729 962 3774 necnon
987 3730 1091 3795 super

138 3810 345 3892 quibusdam
359 3810 527 3888 dominiis,
542 3809 781 3890 dignitatibus
796 3809 994 3888 honoribus
1009 3831 1090 3894 pos·

140 3911 365 3987 sessionibus
387 3910 500 3987 terris
517 3910 614 3986 locis,
632 3918 668 3975 et
691 3910 839 3993 juribus,
858 3909 901 3974 ad
924 3930 987 3974 nos
1003 3931 1089 3994 quo·

176 4075 183 4106 ¹
201 4079 399 4142 ‘consanguinei
411 4079 507 4143 nostri,'
521 4081 592 4144 Rym.
664 4077 764 4144 ’Ryna
782 4082 872 4130 inserts
894 4081 935 4130 ‘et
956 4086 1089 4132 tractatore

630 4155 655 4200 et
665 4151 821 4200 mediatore?

175 4215 184 4244 ²
199 4219 311 4270 Omitted
340 4219 366 4268 in
390 4219 462 4284 Rym.
485 4219 605 4282 through·
663 4219 673 4250 ⁴
690 4220 1090 4285 ‘cumdictoconsanguineonos·

135 4291 191 4339 out.
628 4290 765 4354 tro‚’Rym.

902 4377 916 4411 ι
934 4369 949 4412 2
