<?xml version="1.0" encoding="UTF-8"?>
<!DOCTYPE html PUBLIC "-//W3C//DTD XHTML 1.0 Transitional//EN"
    "http://www.w3.org/TR/xhtml1/DTD/xhtml1-transitional.dtd">
<html xmlns="http://www.w3.org/1999/xhtml" xml:lang="en" lang="en">
 <head>
  <title>
</title>
<meta http-equiv="Content-Type" content="text/html;charset=utf-8" />
  <meta name='ocr-system' content='tesseract 3.04.00' />
  <meta name='ocr-capabilities' content='ocr_page ocr_carea ocr_par ocr_line ocrx_word'/>
</head>
<body>
  <div class='ocr_page' id='page_1' title='image "adamimurimuthen01hoggoog_0143.png"; bbox 0 0 3010 5030; ppageno 0'>
   <div class='ocr_carea' id='block_1_1' title="bbox 241 670 375 774">
    <p class='ocr_par' dir='ltr' id='par_1_1' title="bbox 241 670 375 774">
     <span class='ocr_line' id='line_1_1' title="bbox 241 670 348 714; baseline -0.019 0"><span class='ocrx_word' id='word_1_1' title='bbox 241 670 348 714; x_wconf 77' lang='lat' dir='ltr'>Edward’o</span> 
     </span>
     <span class='ocr_line' id='line_1_2' title="bbox 241 722 375 774; baseline -0.015 -10"><span class='ocrx_word' id='word_1_2' title='bbox 241 724 299 774; x_wconf 80' lang='lat' dir='ltr'>reply</span> <span class='ocrx_word' id='word_1_3' title='bbox 307 726 329 763; x_wconf 86' lang='lat' dir='ltr'>to</span> <span class='ocrx_word' id='word_1_4' title='bbox 337 722 375 762; x_wconf 78' lang='lat' dir='ltr'>tlte</span> 
     </span>
    </p>
   </div>
   <div class='ocr_carea' id='block_1_2' title="bbox 241 784 343 826">
    <p class='ocr_par' dir='ltr' id='par_1_2' title="bbox 241 784 343 826">
     <span class='ocr_line' id='line_1_3' title="bbox 241 784 343 826; baseline 0.01 -11"><span class='ocrx_word' id='word_1_5' title='bbox 241 784 343 826; x_wconf 79' lang='lat' dir='ltr'>emperor·</span> 
     </span>
    </p>
   </div>
   <div class='ocr_carea' id='block_1_3' title="bbox 403 483 1015 549">
    <p class='ocr_par' dir='ltr' id='par_1_3' title="bbox 403 483 1015 549">
     <span class='ocr_line' id='line_1_4' title="bbox 403 483 1015 549; baseline 0.002 -2"><span class='ocrx_word' id='word_1_6' title='bbox 403 483 468 548; x_wconf 83' lang='lat'>118</span> <span class='ocrx_word' id='word_1_7' title='bbox 740 503 774 548; x_wconf 79' lang='lat' dir='ltr'>A.</span> <span class='ocrx_word' id='word_1_8' title='bbox 800 501 1015 549; x_wconf 70' lang='lat' dir='ltr'>nummum.</span> 
     </span>
    </p>
   </div>
   <div class='ocr_carea' id='block_1_4' title="bbox 404 658 1361 1144">
    <p class='ocr_par' dir='ltr' id='par_1_4' title="bbox 404 658 1361 824">
     <span class='ocr_line' id='line_1_5' title="bbox 404 658 1361 726; baseline 0 -2"><span class='ocrx_word' id='word_1_9' title='bbox 404 659 573 724; x_wconf 82' lang='lat' dir='ltr'>vacaretis</span> <span class='ocrx_word' id='word_1_10' title='bbox 606 658 720 723; x_wconf 86' lang='lat' dir='ltr'>animo</span> <span class='ocrx_word' id='word_1_11' title='bbox 751 658 797 723; x_wconf 86' lang='lat' dir='ltr'>ad</span> <span class='ocrx_word' id='word_1_12' title='bbox 830 661 955 724; x_wconf 82' lang='lat' dir='ltr'>bonum</span> <span class='ocrx_word' id='word_1_13' title='bbox 997 660 1214 725; x_wconf 71' lang='lat' dir='ltr'>concordiam</span> <span class='ocrx_word' id='word_1_14' title='bbox 1252 661 1361 726; x_wconf 83' lang='lat' dir='ltr'>refor-</span> 
     </span>
     <span class='ocr_line' id='line_1_6' title="bbox 404 759 577 824; baseline -0.006 0"><span class='ocrx_word' id='word_1_15' title='bbox 404 759 577 824; x_wconf 81' lang='lat' dir='ltr'>mandam.</span> 
     </span>
    </p>

    <p class='ocr_par' dir='ltr' id='par_1_5' title="bbox 405 859 1361 1144">
     <span class='ocr_line' id='line_1_7' title="bbox 455 859 1359 943; baseline 0.002 -20"><span class='ocrx_word' id='word_1_16' title='bbox 455 861 521 924; x_wconf 89' lang='lat' dir='ltr'>‘Et</span> <span class='ocrx_word' id='word_1_17' title='bbox 534 859 627 943; x_wconf 88' lang='lat' dir='ltr'>quod</span> <span class='ocrx_word' id='word_1_18' title='bbox 643 859 807 938; x_wconf 77' lang='lat' dir='ltr'>amicitia,</span> <span class='ocrx_word' id='word_1_19' title='bbox 823 861 914 924; x_wconf 88' lang='lat' dir='ltr'>iuter</span> <span class='ocrx_word' id='word_1_20' title='bbox 931 879 994 926; x_wconf 80' lang='lat' dir='ltr'>vos</span> <span class='ocrx_word' id='word_1_21' title='bbox 1014 867 1050 924; x_wconf 85' lang='lat' dir='ltr'>et</span> <span class='ocrx_word' id='word_1_22' title='bbox 1073 860 1255 943; x_wconf 77' lang='lat' dir='ltr'>praefatum</span> <span class='ocrx_word' id='word_1_23' title='bbox 1275 859 1359 925; x_wconf 89' lang='lat' dir='ltr'>Phi·</span> 
     </span>
     <span class='ocr_line' id='line_1_8' title="bbox 405 960 1359 1044; baseline 0.004 -21"><span class='ocrx_word' id='word_1_24' title='bbox 405 960 537 1044; x_wconf 91' lang='lat' dir='ltr'>lippum</span> <span class='ocrx_word' id='word_1_25' title='bbox 554 960 652 1037; x_wconf 90' lang='lat' dir='ltr'>inita,</span> <span class='ocrx_word' id='word_1_26' title='bbox 670 961 809 1025; x_wconf 85' lang='lat' dir='ltr'>minime</span> <span class='ocrx_word' id='word_1_27' title='bbox 828 981 891 1025; x_wconf 87' lang='lat' dir='ltr'>nos</span> <span class='ocrx_word' id='word_1_28' title='bbox 908 967 1086 1036; x_wconf 81' lang='lat' dir='ltr'>moveret3</span> <span class='ocrx_word' id='word_1_29' title='bbox 1115 981 1195 1024; x_wconf 82' lang='lat' dir='ltr'>nom</span> <span class='ocrx_word' id='word_1_30' title='bbox 1213 979 1258 1026; x_wconf 83' lang='lat' dir='ltr'>ex</span> <span class='ocrx_word' id='word_1_31' title='bbox 1276 981 1359 1044; x_wconf 87' lang='lat' dir='ltr'>quo,</span> 
     </span>
     <span class='ocr_line' id='line_1_9' title="bbox 407 1060 1361 1144; baseline 0.004 -20"><span class='ocrx_word' id='word_1_32' title='bbox 407 1060 482 1124; x_wconf 86' lang='lat' dir='ltr'>sine</span> <span class='ocrx_word' id='word_1_33' title='bbox 498 1061 586 1124; x_wconf 89' lang='lat' dir='ltr'>scitu</span> <span class='ocrx_word' id='word_1_34' title='bbox 610 1067 645 1124; x_wconf 88' lang='lat' dir='ltr'>et</span> <span class='ocrx_word' id='word_1_35' title='bbox 667 1077 811 1125; x_wconf 77' lang='lat' dir='ltr'>assensu</span> <span class='ocrx_word' id='word_1_36' title='bbox 826 1069 956 1139; x_wconf 77' lang='lat' dir='ltr'>restro,</span> <span class='ocrx_word' id='word_1_37' title='bbox 974 1069 1116 1144; x_wconf 69' lang='lat' dir='ltr'>treugas</span> <span class='ocrx_word' id='word_1_38' title='bbox 1134 1080 1176 1126; x_wconf 87' lang='lat' dir='ltr'>ac</span> <span class='ocrx_word' id='word_1_39' title='bbox 1194 1063 1361 1128; x_wconf 81' lang='lat' dir='ltr'>terminos</span> 
     </span>
    </p>
   </div>
   <div class='ocr_carea' id='block_1_5' title="bbox 283 1161 1361 1246">
    <p class='ocr_par' dir='ltr' id='par_1_6' title="bbox 283 1161 1361 1246">
     <span class='ocr_line' id='line_1_10' title="bbox 283 1161 1361 1246; baseline 0.003 -22"><span class='ocrx_word' id='word_1_40' title='bbox 283 1165 285 1171; x_wconf 82' lang='lat'>&#39;</span> <span class='ocrx_word' id='word_1_41' title='bbox 407 1161 452 1224; x_wconf 85' lang='lat' dir='ltr'>ud</span> <span class='ocrx_word' id='word_1_42' title='bbox 472 1161 690 1227; x_wconf 87' lang='lat' dir='ltr'>tractandum</span> <span class='ocrx_word' id='word_1_43' title='bbox 707 1162 749 1225; x_wconf 85' lang='lat' dir='ltr'>dc</span> <span class='ocrx_word' id='word_1_44' title='bbox 771 1181 857 1246; x_wconf 85' lang='lat' dir='ltr'>pace</span> <span class='ocrx_word' id='word_1_45' title='bbox 873 1163 965 1227; x_wconf 88' lang='lat' dir='ltr'>inter</span> <span class='ocrx_word' id='word_1_46' title='bbox 986 1182 1050 1228; x_wconf 90' lang='lat' dir='ltr'>nos</span> <span class='ocrx_word' id='word_1_47' title='bbox 1068 1169 1105 1226; x_wconf 86' lang='lat' dir='ltr'>et</span> <span class='ocrx_word' id='word_1_48' title='bbox 1130 1162 1259 1226; x_wconf 82' lang='lat' dir='ltr'>dictum</span> <span class='ocrx_word' id='word_1_49' title='bbox 1274 1161 1361 1227; x_wconf 86' lang='lat' dir='ltr'>Phi-</span> 
     </span>
    </p>
   </div>
   <div class='ocr_carea' id='block_1_6' title="bbox 406 1261 1366 2448">
    <p class='ocr_par' dir='ltr' id='par_1_7' title="bbox 406 1261 1363 1628">
     <span class='ocr_line' id='line_1_11' title="bbox 406 1261 1362 1345; baseline 0.004 -21"><span class='ocrx_word' id='word_1_50' title='bbox 406 1261 539 1344; x_wconf 84' lang='lat' dir='ltr'><strong>lippum</strong></span> <span class='ocrx_word' id='word_1_51' title='bbox 563 1263 769 1345; x_wconf 85' lang='lat' dir='ltr'>accepimus,</span> <span class='ocrx_word' id='word_1_52' title='bbox 791 1263 920 1328; x_wconf 88' lang='lat' dir='ltr'>dictam</span> <span class='ocrx_word' id='word_1_53' title='bbox 943 1263 1128 1328; x_wconf 75' lang='lat' dir='ltr'><strong>amicitiam</strong></span> <span class='ocrx_word' id='word_1_54' title='bbox 1153 1281 1231 1326; x_wconf 84' lang='lat' dir='ltr'>cum</span> <span class='ocrx_word' id='word_1_55' title='bbox 1252 1282 1296 1328; x_wconf 80' lang='lat' dir='ltr'>oo</span> <span class='ocrx_word' id='word_1_56' title='bbox 1316 1264 1362 1328; x_wconf 87' lang='lat' dir='ltr'>de</span> 
     </span>
     <span class='ocr_line' id='line_1_12' title="bbox 408 1362 1362 1446; baseline 0.005 -22"><span class='ocrx_word' id='word_1_57' title='bbox 408 1362 552 1426; x_wconf 88' lang='lat' dir='ltr'>consilio</span> <span class='ocrx_word' id='word_1_58' title='bbox 578 1362 772 1446; x_wconf 80' lang='lat' dir='ltr'>principum</span> <span class='ocrx_word' id='word_1_59' title='bbox 791 1372 998 1442; x_wconf 77' lang='lat' dir='ltr'>vestrorum,</span> <span class='ocrx_word' id='word_1_60' title='bbox 1011 1363 1139 1446; x_wconf 80' lang='lat' dir='ltr'>quibus</span> <span class='ocrx_word' id='word_1_61' title='bbox 1153 1363 1266 1427; x_wconf 81' lang='lat' dir='ltr'>visum</span> <span class='ocrx_word' id='word_1_62' title='bbox 1285 1363 1362 1429; x_wconf 85' lang='lat' dir='ltr'>sue·</span> 
     </span>
     <span class='ocr_line' id='line_1_13' title="bbox 408 1462 1363 1547; baseline 0.005 -22"><span class='ocrx_word' id='word_1_63' title='bbox 408 1463 453 1526; x_wconf 88' lang='lat' dir='ltr'>rit</span> <span class='ocrx_word' id='word_1_64' title='bbox 468 1462 561 1544; x_wconf 89' lang='lat' dir='ltr'>quod</span> <span class='ocrx_word' id='word_1_65' title='bbox 576 1462 653 1541; x_wconf 84' lang='lat' dir='ltr'>hoc,</span> <span class='ocrx_word' id='word_1_66' title='bbox 668 1463 768 1528; x_wconf 86' lang='lat' dir='ltr'>salvo</span> <span class='ocrx_word' id='word_1_67' title='bbox 780 1463 911 1529; x_wconf 86' lang='lat' dir='ltr'>bonore</span> <span class='ocrx_word' id='word_1_68' title='bbox 929 1473 1057 1542; x_wconf 83' lang='lat' dir='ltr'>vestro,</span> <span class='ocrx_word' id='word_1_69' title='bbox 1071 1465 1220 1547; x_wconf 72' lang='lat' dir='ltr'>ponetis</span> <span class='ocrx_word' id='word_1_70' title='bbox 1235 1463 1363 1544; x_wconf 78' lang='lat' dir='ltr'>iacere,</span> 
     </span>
     <span class='ocr_line' id='line_1_14' title="bbox 410 1564 655 1628; baseline 0.012 -3"><span class='ocrx_word' id='word_1_71' title='bbox 410 1564 655 1628; x_wconf 81' lang='lat' dir='ltr'>contraxistis:</span> 
     </span>
    </p>

    <p class='ocr_par' dir='ltr' id='par_1_8' title="bbox 409 1662 1366 2448">
     <span class='ocr_line' id='line_1_15' title="bbox 460 1662 1366 1748; baseline 0.002 -20"><span class='ocrx_word' id='word_1_72' title='bbox 460 1662 699 1728; x_wconf 81' lang='lat' dir='ltr'>‘vicariatum</span> <span class='ocrx_word' id='word_1_73' title='bbox 721 1665 821 1729; x_wconf 86' lang='lat' dir='ltr'>nobis</span> <span class='ocrx_word' id='word_1_74' title='bbox 842 1683 981 1748; x_wconf 83' lang='lat' dir='ltr'>pervus</span> <span class='ocrx_word' id='word_1_75' title='bbox 999 1681 1199 1730; x_wconf 78' lang='lat' dir='ltr'>concessum</span> <span class='ocrx_word' id='word_1_76' title='bbox 1222 1672 1366 1748; x_wconf 83' lang='lat' dir='ltr'>propter</span> 
     </span>
     <span class='ocr_line' id='line_1_16' title="bbox 409 1763 1363 1850; baseline 0.005 -24"><span class='ocrx_word' id='word_1_77' title='bbox 409 1763 474 1828; x_wconf 92' lang='lat' dir='ltr'>boc</span> <span class='ocrx_word' id='word_1_78' title='bbox 490 1771 707 1829; x_wconf 82' lang='lat' dir='ltr'>revocantes.</span> <span class='ocrx_word' id='word_1_79' title='bbox 759 1764 806 1830; x_wconf 87' lang='lat' dir='ltr'>Et</span> <span class='ocrx_word' id='word_1_80' title='bbox 823 1765 961 1849; x_wconf 84' lang='lat' dir='ltr'>quidem</span> <span class='ocrx_word' id='word_1_81' title='bbox 987 1763 1100 1830; x_wconf 80' lang='lat' dir='ltr'>celum</span> <span class='ocrx_word' id='word_1_82' title='bbox 1117 1765 1210 1830; x_wconf 82' lang='lat' dir='ltr'>bunc</span> <span class='ocrx_word' id='word_1_83' title='bbox 1225 1766 1363 1850; x_wconf 81' lang='lat' dir='ltr'>[quem]</span> 
     </span>
     <span class='ocr_line' id='line_1_17' title="bbox 410 1864 1365 1949; baseline 0.003 -22"><span class='ocrx_word' id='word_1_84' title='bbox 410 1864 545 1929; x_wconf 81' lang='lat' dir='ltr'>habetis</span> <span class='ocrx_word' id='word_1_85' title='bbox 568 1865 612 1929; x_wconf 88' lang='lat' dir='ltr'>ad</span> <span class='ocrx_word' id='word_1_86' title='bbox 637 1865 833 1930; x_wconf 68' lang='lat' dir='ltr'>fodendum</span> <span class='ocrx_word' id='word_1_87' title='bbox 856 1867 985 1930; x_wconf 73' lang='lat' dir='ltr'>didam</span> <span class='ocrx_word' id='word_1_88' title='bbox 1006 1866 1238 1944; x_wconf 72' lang='lat' dir='ltr'><strong>concordiam,</strong></span> <span class='ocrx_word' id='word_1_89' title='bbox 1257 1867 1365 1949; x_wconf 81' lang='lat' dir='ltr'>pluri-</span> 
     </span>
     <span class='ocr_line' id='line_1_18' title="bbox 411 1966 1364 2051; baseline 0.004 -24"><span class='ocrx_word' id='word_1_90' title='bbox 411 1984 505 2028; x_wconf 92' lang='lat' dir='ltr'>mum</span> <span class='ocrx_word' id='word_1_91' title='bbox 529 1966 807 2031; x_wconf 83' lang='lat' dir='ltr'>commendamus</span> <span class='ocrx_word' id='word_1_92' title='bbox 822 1985 832 2045; x_wconf 78' lang='lat'><em>3</em></span> <span class='ocrx_word' id='word_1_93' title='bbox 856 1967 1010 2032; x_wconf 71' lang='lat' dir='ltr'>rolentm</span> <span class='ocrx_word' id='word_1_94' title='bbox 1025 1973 1151 2032; x_wconf 79' lang='lat' dir='ltr'>vostrae</span> <span class='ocrx_word' id='word_1_95' title='bbox 1166 1973 1286 2051; x_wconf 82' lang='lat' dir='ltr'>putere</span> <span class='ocrx_word' id='word_1_96' title='bbox 1302 1987 1364 2031; x_wconf 88' lang='lat' dir='ltr'>no·</span> 
     </span>
     <span class='ocr_line' id='line_1_19' title="bbox 411 2065 1365 2149; baseline 0.002 -21"><span class='ocrx_word' id='word_1_97' title='bbox 411 2065 497 2128; x_wconf 81' lang='lat' dir='ltr'>titia</span> <span class='ocrx_word' id='word_1_98' title='bbox 514 2067 605 2148; x_wconf 88' lang='lat' dir='ltr'>quod</span> <span class='ocrx_word' id='word_1_99' title='bbox 629 2087 692 2131; x_wconf 92' lang='lat' dir='ltr'>nos</span> <span class='ocrx_word' id='word_1_100' title='bbox 718 2086 838 2149; x_wconf 86' lang='lat' dir='ltr'>pacem</span> <span class='ocrx_word' id='word_1_101' title='bbox 863 2066 1104 2132; x_wconf 83' lang='lat' dir='ltr'>rationabilem</span> <span class='ocrx_word' id='word_1_102' title='bbox 1133 2067 1260 2132; x_wconf 88' lang='lat' dir='ltr'>habere</span> <span class='ocrx_word' id='word_1_103' title='bbox 1286 2085 1365 2132; x_wconf 87' lang='lat' dir='ltr'>cum</span> 
     </span>
     <span class='ocr_line' id='line_1_20' title="bbox 409 2164 1364 2251; baseline 0.004 -24"><span class='ocrx_word' id='word_1_104' title='bbox 409 2164 504 2231; x_wconf 87' lang='lat' dir='ltr'>dioto</span> <span class='ocrx_word' id='word_1_105' title='bbox 533 2166 694 2249; x_wconf 79' lang='lat' dir='ltr'>Philippo</span> <span class='ocrx_word' id='word_1_106' title='bbox 719 2185 856 2251; x_wconf 80' lang='lat' dir='ltr'>semper</span> <span class='ocrx_word' id='word_1_107' title='bbox 887 2169 1086 2250; x_wconf 81' lang='lat' dir='ltr'>optauimus</span> <span class='ocrx_word' id='word_1_108' title='bbox 1120 2174 1156 2232; x_wconf 81' lang='lat' dir='ltr'>et</span> <span class='ocrx_word' id='word_1_109' title='bbox 1182 2174 1364 2251; x_wconf 81' lang='lat' dir='ltr'>optamus3</span> 
     </span>
     <span class='ocr_line' id='line_1_21' title="bbox 410 2265 1366 2354; baseline 0.005 -26"><span class='ocrx_word' id='word_1_110' title='bbox 410 2281 529 2346; x_wconf 89' lang='lat' dir='ltr'>quam,</span> <span class='ocrx_word' id='word_1_111' title='bbox 547 2265 616 2348; x_wconf 88' lang='lat' dir='ltr'>1[in</span> <span class='ocrx_word' id='word_1_112' title='bbox 645 2267 829 2354; x_wconf 84' lang='lat' dir='ltr'>quantum]</span> <span class='ocrx_word' id='word_1_113' title='bbox 853 2267 982 2347; x_wconf 84' lang='lat' dir='ltr'>decuit,</span> <span class='ocrx_word' id='word_1_114' title='bbox 997 2287 1117 2332; x_wconf 85' lang='lat' dir='ltr'>sumus</span> <span class='ocrx_word' id='word_1_115' title='bbox 1140 2287 1217 2332; x_wconf 85' lang='lat' dir='ltr'>cum</span> <span class='ocrx_word' id='word_1_116' title='bbox 1235 2269 1366 2334; x_wconf 76' lang='lat' dir='ltr'>instan-</span> 
     </span>
     <span class='ocr_line' id='line_1_22' title="bbox 413 2363 1260 2448; baseline 0.011 -18"><span class='ocrx_word' id='word_1_117' title='bbox 413 2367 464 2430; x_wconf 88' lang='lat' dir='ltr'>tia</span> <span class='ocrx_word' id='word_1_118' title='bbox 478 2367 663 2448; x_wconf 87' lang='lat' dir='ltr'>prosecuti.</span> <span class='ocrx_word' id='word_1_119' title='bbox 1257 2363 1260 2369; x_wconf 46' lang='lat'><strong><em>¹</em></strong></span> 
     </span>
    </p>
   </div>
   <div class='ocr_carea' id='block_1_7' title="bbox 463 2467 1497 2534">
    <p class='ocr_par' dir='ltr' id='par_1_9' title="bbox 463 2467 1497 2534">
     <span class='ocr_line' id='line_1_23' title="bbox 463 2467 1497 2534; baseline 0.004 -3"><span class='ocrx_word' id='word_1_120' title='bbox 463 2467 533 2531; x_wconf 83' lang='lat' dir='ltr'>‘Et</span> <span class='ocrx_word' id='word_1_121' title='bbox 554 2487 690 2532; x_wconf 88' lang='lat' dir='ltr'>revera</span> <span class='ocrx_word' id='word_1_122' title='bbox 712 2469 868 2532; x_wconf 86' lang='lat' dir='ltr'>votivum</span> <span class='ocrx_word' id='word_1_123' title='bbox 888 2468 988 2533; x_wconf 87' lang='lat' dir='ltr'>nobis</span> <span class='ocrx_word' id='word_1_124' title='bbox 1013 2468 1104 2532; x_wconf 83' lang='lat' dir='ltr'>foret</span> <span class='ocrx_word' id='word_1_125' title='bbox 1123 2469 1308 2534; x_wconf 83' lang='lat' dir='ltr'>admodum</span> <span class='ocrx_word' id='word_1_126' title='bbox 1334 2477 1369 2534; x_wconf 93' lang='lat' dir='ltr'>et</span> <span class='ocrx_word' id='word_1_127' title='bbox 1496 2499 1497 2524; x_wconf 58' lang='grc'><strong>;</strong></span> 
     </span>
    </p>
   </div>
   <div class='ocr_carea' id='block_1_8' title="bbox 414 2557 1368 2651">
    <p class='ocr_par' dir='ltr' id='par_1_10' title="bbox 414 2557 1368 2651">
     <span class='ocr_line' id='line_1_24' title="bbox 414 2557 1368 2651; baseline 0.004 -22"><span class='ocrx_word' id='word_1_128' title='bbox 414 2574 605 2648; x_wconf 88' lang='lat' dir='ltr'>acceptum,</span> <span class='ocrx_word' id='word_1_129' title='bbox 623 2568 653 2631; x_wconf 92' lang='lat' dir='ltr'>si</span> <span class='ocrx_word' id='word_1_130' title='bbox 677 2557 795 2651; x_wconf 83' lang='lat' dir='ltr'>posset</span> <span class='ocrx_word' id='word_1_131' title='bbox 817 2567 891 2632; x_wconf 80' lang='lat' dir='ltr'>fieri</span> <span class='ocrx_word' id='word_1_132' title='bbox 914 2569 1083 2651; x_wconf 82' lang='lat' dir='ltr'>portanti</span> <span class='ocrx_word' id='word_1_133' title='bbox 1105 2570 1305 2634; x_wconf 87' lang='lat' dir='ltr'>mediatoris</span> <span class='ocrx_word' id='word_1_134' title='bbox 1319 2571 1368 2634; x_wconf 92' lang='lat' dir='ltr'>in·</span> 
     </span>
    </p>
   </div>
   <div class='ocr_carea' id='block_1_9' title="bbox 413 2663 1497 2851">
    <p class='ocr_par' dir='ltr' id='par_1_11' title="bbox 413 2663 1497 2851">
     <span class='ocr_line' id='line_1_25' title="bbox 413 2663 1497 2755; baseline 0 -25"><span class='ocrx_word' id='word_1_135' title='bbox 413 2668 575 2732; x_wconf 83' lang='lat' dir='ltr'>stantiam</span> <span class='ocrx_word' id='word_1_136' title='bbox 601 2687 673 2752; x_wconf 86' lang='lat' dir='ltr'>pax</span> <span class='ocrx_word' id='word_1_137' title='bbox 702 2674 846 2751; x_wconf 81' lang='lat' dir='ltr'>optatu3</span> <span class='ocrx_word' id='word_1_138' title='bbox 870 2669 931 2732; x_wconf 88' lang='lat' dir='ltr'>sed</span> <span class='ocrx_word' id='word_1_139' title='bbox 953 2669 1034 2752; x_wconf 92' lang='lat' dir='ltr'>quia</span> <span class='ocrx_word' id='word_1_140' title='bbox 1059 2670 1185 2734; x_wconf 85' lang='lat' dir='ltr'>scimus</span> <span class='ocrx_word' id='word_1_141' title='bbox 1202 2671 1263 2755; x_wconf 86' lang='lat' dir='ltr'>jus</span> <span class='ocrx_word' id='word_1_142' title='bbox 1288 2690 1368 2735; x_wconf 92' lang='lat' dir='ltr'>nos·</span> <span class='ocrx_word' id='word_1_143' title='bbox 1496 2663 1497 2714; x_wconf 74' lang='lat' dir='ltr'>l</span> 
     </span>
     <span class='ocr_line' id='line_1_26' title="bbox 413 2767 1497 2851; baseline 0.002 -21"><span class='ocrx_word' id='word_1_144' title='bbox 413 2774 505 2830; x_wconf 70' lang='lat' dir='ltr'>uum</span> <span class='ocrx_word' id='word_1_145' title='bbox 527 2767 565 2832; x_wconf 88' lang='lat' dir='ltr'>in</span> <span class='ocrx_word' id='word_1_146' title='bbox 588 2789 695 2851; x_wconf 78' lang='lat' dir='ltr'>regno</span> <span class='ocrx_word' id='word_1_147' title='bbox 716 2769 874 2834; x_wconf 85' lang='lat' dir='ltr'>Franciae</span> <span class='ocrx_word' id='word_1_148' title='bbox 899 2771 986 2834; x_wconf 84' lang='lat' dir='ltr'>satis</span> <span class='ocrx_word' id='word_1_149' title='bbox 1007 2770 1149 2849; x_wconf 81' lang='lat' dir='ltr'>clarum,</span> <span class='ocrx_word' id='word_1_150' title='bbox 1165 2771 1263 2848; x_wconf 91' lang='lat' dir='ltr'>illud,</span> <span class='ocrx_word' id='word_1_151' title='bbox 1277 2772 1367 2835; x_wconf 82' lang='lat' dir='ltr'>arbi·</span> <span class='ocrx_word' id='word_1_152' title='bbox 1496 2793 1497 2820; x_wconf 51' lang='grc' dir='ltr'>ι</span> 
     </span>
    </p>
   </div>
   <div class='ocr_carea' id='block_1_10' title="bbox 414 2867 1370 3155">
    <p class='ocr_par' dir='ltr' id='par_1_12' title="bbox 414 2845 1497 3155">
     <span class='ocr_line' id='line_1_27' title="bbox 414 2867 1370 2956; baseline -0.004 -25"><span class='ocrx_word' id='word_1_153' title='bbox 414 2867 482 2932; x_wconf 90' lang='lat' dir='ltr'>trio</span> <span class='ocrx_word' id='word_1_154' title='bbox 509 2869 627 2948; x_wconf 88' lang='lat' dir='ltr'>dubio,</span> <span class='ocrx_word' id='word_1_155' title='bbox 659 2890 728 2934; x_wconf 90' lang='lat' dir='ltr'>non</span> <span class='ocrx_word' id='word_1_156' title='bbox 762 2870 985 2954; x_wconf 81' lang='lat' dir='ltr'>proponimus</span> <span class='ocrx_word' id='word_1_157' title='bbox 1014 2871 1137 2936; x_wconf 88' lang='lat' dir='ltr'>ducere</span> <span class='ocrx_word' id='word_1_158' title='bbox 1169 2871 1272 2935; x_wconf 88' lang='lat' dir='ltr'>alicui</span> <span class='ocrx_word' id='word_1_159' title='bbox 1308 2889 1370 2956; x_wconf 85' lang='lat' dir='ltr'>per</span> 
     </span>
     <span class='ocr_line' id='line_1_28' title="bbox 414 2968 995 3036; baseline -0.015 -4"><span class='ocrx_word' id='word_1_160' title='bbox 414 2968 534 3034; x_wconf 82' lang='lat' dir='ltr'>literas</span> <span class='ocrx_word' id='word_1_161' title='bbox 549 2977 688 3035; x_wconf 82' lang='lat' dir='ltr'>nostras</span> <span class='ocrx_word' id='word_1_162' title='bbox 703 2972 995 3036; x_wconf 83' lang='lat' dir='ltr'>committendum.</span> 
     </span>
     <span class='ocr_line' id='line_1_29' title="bbox 460 3069 1369 3155; baseline -0.013 -18"><span class='ocrx_word' id='word_1_163' title='bbox 460 3069 616 3136; x_wconf 83' lang='lat' dir='ltr'>‘Verum</span> <span class='ocrx_word' id='word_1_164' title='bbox 649 3071 730 3135; x_wconf 82' lang='lat' dir='ltr'>dum</span> <span class='ocrx_word' id='word_1_165' title='bbox 762 3077 896 3136; x_wconf 78' lang='lat' dir='ltr'>attenta</span> <span class='ocrx_word' id='word_1_166' title='bbox 925 3072 1148 3137; x_wconf 70' lang='lat' dir='ltr'>meditatione</span> <span class='ocrx_word' id='word_1_167' title='bbox 1183 3089 1369 3155; x_wconf 78' lang='lat' dir='ltr'>pensamus</span> 
     </span>
    </p>
   </div>
   <div class='ocr_carea' id='block_1_11' title="bbox 417 3171 1497 3357">
    <p class='ocr_par' dir='ltr' id='par_1_13' title="bbox 417 3171 1497 3357">
     <span class='ocr_line' id='line_1_30' title="bbox 417 3171 1497 3262; baseline -0.009 -27"><span class='ocrx_word' id='word_1_168' title='bbox 417 3171 567 3254; x_wconf 88' lang='lat' dir='ltr'>qualiter</span> <span class='ocrx_word' id='word_1_169' title='bbox 582 3178 698 3238; x_wconf 89' lang='lat' dir='ltr'>vestra</span> <span class='ocrx_word' id='word_1_170' title='bbox 722 3172 952 3236; x_wconf 85' lang='lat' dir='ltr'>consideratio</span> <span class='ocrx_word' id='word_1_171' title='bbox 975 3173 1234 3262; x_wconf 84' lang='lat' dir='ltr'>circumspecta,</span> <span class='ocrx_word' id='word_1_172' title='bbox 1248 3173 1369 3238; x_wconf 77' lang='lat' dir='ltr'>videns</span> <span class='ocrx_word' id='word_1_173' title='bbox 1496 3171 1497 3246; x_wconf 65' lang='lat' dir='ltr'><strong>ff</strong></span> 
     </span>
     <span class='ocr_line' id='line_1_31' title="bbox 417 3272 1497 3357; baseline -0.035 -19"><span class='ocrx_word' id='word_1_174' title='bbox 417 3279 593 3354; x_wconf 86' lang='lat' dir='ltr'>patentem</span> <span class='ocrx_word' id='word_1_175' title='bbox 631 3279 785 3336; x_wconf 86' lang='lat' dir='ltr'>nostram</span> <span class='ocrx_word' id='word_1_176' title='bbox 818 3272 1006 3354; x_wconf 80' lang='lat' dir='ltr'>justitium,</span> <span class='ocrx_word' id='word_1_177' title='bbox 1032 3280 1071 3337; x_wconf 85' lang='lat' dir='ltr'>et</span> <span class='ocrx_word' id='word_1_178' title='bbox 1097 3273 1183 3338; x_wconf 85' lang='lat' dir='ltr'>dicti</span> <span class='ocrx_word' id='word_1_179' title='bbox 1214 3272 1368 3357; x_wconf 71' lang='lat' dir='ltr'>Philippi</span> <span class='ocrx_word' id='word_1_180' title='bbox 1496 3277 1497 3300; x_wconf 60' lang='lat'>2</span> 
     </span>
    </p>
   </div>
   <div class='ocr_carea' id='block_1_12' title="bbox 416 3371 1371 3466">
    <p class='ocr_par' dir='ltr' id='par_1_14' title="bbox 416 3371 1371 3466">
     <span class='ocr_line' id='line_1_32' title="bbox 416 3371 1371 3466; baseline 0.003 -31"><span class='ocrx_word' id='word_1_181' title='bbox 416 3371 580 3436; x_wconf 90' lang='lat' dir='ltr'>duritiam</span> <span class='ocrx_word' id='word_1_182' title='bbox 595 3373 803 3437; x_wconf 86' lang='lat' dir='ltr'>obstinatam</span> <span class='ocrx_word' id='word_1_183' title='bbox 815 3381 852 3436; x_wconf 87' lang='lat' dir='ltr'>et</span> <span class='ocrx_word' id='word_1_184' title='bbox 868 3373 1042 3457; x_wconf 85' lang='lat' dir='ltr'>injuriam,</span> <span class='ocrx_word' id='word_1_185' title='bbox 1054 3375 1235 3438; x_wconf 87' lang='lat' dir='ltr'>nobiscum</span> <span class='ocrx_word' id='word_1_186' title='bbox 1249 3381 1371 3466; x_wconf 80' lang='lat' dir='ltr'>contra</span> 
     </span>
    </p>
   </div>
   <div class='ocr_carea' id='block_1_13' title="bbox 415 3471 1497 4054">
    <p class='ocr_par' dir='ltr' id='par_1_15' title="bbox 415 3471 1497 4054">
     <span class='ocr_line' id='line_1_33' title="bbox 417 3471 1497 3566; baseline 0.006 -32"><span class='ocrx_word' id='word_1_187' title='bbox 417 3471 548 3536; x_wconf 86' lang='lat' dir='ltr'>dictum</span> <span class='ocrx_word' id='word_1_188' title='bbox 571 3471 772 3555; x_wconf 74' lang='lat' dir='ltr'>Philippum</span> <span class='ocrx_word' id='word_1_189' title='bbox 798 3474 903 3538; x_wconf 82' lang='lat' dir='ltr'>vestri</span> <span class='ocrx_word' id='word_1_190' title='bbox 926 3475 1044 3556; x_wconf 80' lang='lat' dir='ltr'>gratia</span> <span class='ocrx_word' id='word_1_191' title='bbox 1068 3475 1175 3557; x_wconf 80' lang='lat' dir='ltr'>ligem</span> <span class='ocrx_word' id='word_1_192' title='bbox 1202 3475 1285 3538; x_wconf 78' lang='lat' dir='ltr'>fecit</span> <span class='ocrx_word' id='word_1_193' title='bbox 1310 3495 1370 3540; x_wconf 86' lang='lat' dir='ltr'>ve·</span> <span class='ocrx_word' id='word_1_194' title='bbox 1496 3477 1497 3566; x_wconf 62' lang='lat' dir='ltr'>J</span> 
     </span>
     <span class='ocr_line' id='line_1_34' title="bbox 417 3571 1497 3666; baseline 0.005 -32"><span class='ocrx_word' id='word_1_195' title='bbox 417 3571 470 3636; x_wconf 92' lang='lat' dir='ltr'>lut</span> <span class='ocrx_word' id='word_1_196' title='bbox 497 3573 533 3636; x_wconf 93' lang='lat' dir='ltr'>in</span> <span class='ocrx_word' id='word_1_197' title='bbox 549 3572 734 3656; x_wconf 82' lang='lat' dir='ltr'>specialem</span> <span class='ocrx_word' id='word_1_198' title='bbox 759 3573 954 3656; x_wconf 82' lang='lat' dir='ltr'>adoptionis</span> <span class='ocrx_word' id='word_1_199' title='bbox 978 3575 1098 3652; x_wconf 85' lang='lat' dir='ltr'>filium,</span> <span class='ocrx_word' id='word_1_200' title='bbox 1112 3575 1156 3638; x_wconf 91' lang='lat' dir='ltr'>de</span> <span class='ocrx_word' id='word_1_201' title='bbox 1178 3575 1371 3639; x_wconf 82' lang='lat' dir='ltr'>dilectionis</span> <span class='ocrx_word' id='word_1_202' title='bbox 1496 3583 1497 3666; x_wconf 43' lang='grc' dir='ltr'>ζ</span> 
     </span>
     <span class='ocr_line' id='line_1_35' title="bbox 415 3673 1497 3758; baseline 0.005 -22"><span class='ocrx_word' id='word_1_203' title='bbox 415 3673 644 3738; x_wconf 78' lang='lat' dir='ltr'>exuberantia</span> <span class='ocrx_word' id='word_1_204' title='bbox 668 3691 733 3737; x_wconf 84' lang='lat' dir='ltr'>nos</span> <span class='ocrx_word' id='word_1_205' title='bbox 753 3674 952 3752; x_wconf 63' lang='lat' dir='ltr'>admittens</span> <span class='ocrx_word' id='word_1_206' title='bbox 979 3683 1019 3738; x_wconf 88' lang='lat' dir='ltr'>ut</span> <span class='ocrx_word' id='word_1_207' title='bbox 1041 3695 1119 3739; x_wconf 88' lang='lat' dir='ltr'>oum</span> <span class='ocrx_word' id='word_1_208' title='bbox 1145 3695 1231 3758; x_wconf 86' lang='lat' dir='ltr'>pace</span> <span class='ocrx_word' id='word_1_209' title='bbox 1254 3683 1372 3740; x_wconf 77' lang='lat' dir='ltr'>vestra</span> <span class='ocrx_word' id='word_1_210' title='bbox 1496 3683 1497 3694; x_wconf 60' lang='lat'>¹</span> 
     </span>
     <span class='ocr_line' id='line_1_36' title="bbox 416 3773 1372 3859; baseline -0.004 -21"><span class='ocrx_word' id='word_1_211' title='bbox 416 3774 610 3857; x_wconf 83' lang='lat' dir='ltr'>loquamur,</span> <span class='ocrx_word' id='word_1_212' title='bbox 626 3774 743 3838; x_wconf 78' lang='lat' dir='ltr'>mirari</span> <span class='ocrx_word' id='word_1_213' title='bbox 766 3783 835 3839; x_wconf 79' lang='lat' dir='ltr'>n&#39;on</span> <span class='ocrx_word' id='word_1_214' title='bbox 857 3773 1042 3839; x_wconf 83' lang='lat' dir='ltr'>sufficimus</span> <span class='ocrx_word' id='word_1_215' title='bbox 1058 3775 1150 3859; x_wconf 89' lang='lat' dir='ltr'>quod</span> <span class='ocrx_word' id='word_1_216' title='bbox 1175 3783 1372 3859; x_wconf 81' lang='lat' dir='ltr'>praepotens</span> 
     </span>
     <span class='ocr_line' id='line_1_37' title="bbox 417 3875 1497 3958; baseline 0.006 -24"><span class='ocrx_word' id='word_1_217' title='bbox 417 3883 534 3939; x_wconf 89' lang='lat' dir='ltr'>vestra</span> <span class='ocrx_word' id='word_1_218' title='bbox 547 3875 754 3952; x_wconf 64' lang='lat' dir='ltr'>sublimitas</span> <span class='ocrx_word' id='word_1_219' title='bbox 768 3896 846 3958; x_wconf 82' lang='lat' dir='ltr'>quae</span> <span class='ocrx_word' id='word_1_220' title='bbox 858 3875 902 3939; x_wconf 91' lang='lat' dir='ltr'>ad</span> <span class='ocrx_word' id='word_1_221' title='bbox 913 3875 1049 3939; x_wconf 90' lang='lat' dir='ltr'>laudem</span> <span class='ocrx_word' id='word_1_222' title='bbox 1059 3878 1239 3955; x_wconf 84' lang='lat' dir='ltr'>bonorum,</span> <span class='ocrx_word' id='word_1_223' title='bbox 1252 3883 1287 3940; x_wconf 89' lang='lat' dir='ltr'>et</span> <span class='ocrx_word' id='word_1_224' title='bbox 1299 3879 1371 3942; x_wconf 84' lang='lat' dir='ltr'>vin·</span> <span class='ocrx_word' id='word_1_225' title='bbox 1496 3883 1497 3952; x_wconf 48' lang='grc' dir='ltr'><strong><em>ᾖ</em></strong></span> 
     </span>
     <span class='ocr_line' id='line_1_38' title="bbox 418 3973 1497 4054; baseline 0.003 -16"><span class='ocrx_word' id='word_1_226' title='bbox 418 3975 543 4039; x_wconf 89' lang='lat' dir='ltr'>dictam</span> <span class='ocrx_word' id='word_1_227' title='bbox 557 3975 737 4050; x_wconf 85' lang='lat' dir='ltr'>malorum,</span> <span class='ocrx_word' id='word_1_228' title='bbox 748 3983 801 4040; x_wconf 85' lang='lat' dir='ltr'>est</span> <span class='ocrx_word' id='word_1_229' title='bbox 812 3973 976 4040; x_wconf 83' lang='lat' dir='ltr'>divinitus</span> <span class='ocrx_word' id='word_1_230' title='bbox 990 3977 1161 4054; x_wconf 84' lang='lat' dir='ltr'>instituta,</span> <span class='ocrx_word' id='word_1_231' title='bbox 1177 3985 1300 4041; x_wconf 89' lang='lat' dir='ltr'>contra</span> <span class='ocrx_word' id='word_1_232' title='bbox 1310 3996 1373 4041; x_wconf 88' lang='lat' dir='ltr'>nos</span> <span class='ocrx_word' id='word_1_233' title='bbox 1496 3973 1497 4000; x_wconf 71' lang='lat'><em>³</em></span> 
     </span>
    </p>
   </div>
   <div class='ocr_carea' id='block_1_14' title="bbox 419 4074 1280 4160">
    <p class='ocr_par' dir='ltr' id='par_1_16' title="bbox 419 4074 1280 4160">
     <span class='ocr_line' id='line_1_39' title="bbox 419 4074 1280 4160; baseline 0.005 -22"><span class='ocrx_word' id='word_1_234' title='bbox 419 4074 582 4158; x_wconf 88' lang='lat' dir='ltr'>Philippo</span> <span class='ocrx_word' id='word_1_235' title='bbox 597 4076 791 4160; x_wconf 88' lang='lat' dir='ltr'>injuriatori</span> <span class='ocrx_word' id='word_1_236' title='bbox 805 4083 923 4140; x_wconf 85' lang='lat' dir='ltr'>nostro</span> <span class='ocrx_word' id='word_1_237' title='bbox 940 4075 1075 4142; x_wconf 90' lang='lat' dir='ltr'>notorio</span> <span class='ocrx_word' id='word_1_238' title='bbox 1091 4097 1128 4140; x_wconf 90' lang='lat' dir='ltr'>se</span> <span class='ocrx_word' id='word_1_239' title='bbox 1145 4076 1280 4159; x_wconf 80' lang='lat' dir='ltr'>ligavit.</span> 
     </span>
    </p>
   </div>
   <div class='ocr_carea' id='block_1_15' title="bbox 596 4301 1180 4370">
    <p class='ocr_par' dir='ltr' id='par_1_17' title="bbox 596 4301 1180 4370">
     <span class='ocr_line' id='line_1_40' title="bbox 596 4301 1180 4370; baseline 0.005 -16"><span class='ocrx_word' id='word_1_240' title='bbox 596 4301 604 4334; x_wconf 83' lang='lat'>¹</span> <span class='ocrx_word' id='word_1_241' title='bbox 621 4307 665 4354; x_wconf 77' lang='lat' dir='ltr'>‘in</span> <span class='ocrx_word' id='word_1_242' title='bbox 682 4301 820 4367; x_wconf 59' lang='lat' dir='ltr'>quantum}</span> <span class='ocrx_word' id='word_1_243' title='bbox 838 4307 928 4370; x_wconf 81' lang='lat' dir='ltr'>Rym.;</span> <span class='ocrx_word' id='word_1_244' title='bbox 947 4307 1180 4370; x_wconf 72' lang='lat' dir='ltr'>‘nonomin‚&#39;MS.</span> 
     </span>
    </p>
   </div>
   <div class='ocr_carea' id='block_1_16' title="bbox 0 0 1527 5030">
    <p class='ocr_par' dir='ltr' id='par_1_18' title="bbox 0 0 1527 5030">
     <span class='ocr_line' id='line_1_41' title="bbox 0 0 1527 5030; baseline 0 0"><span class='ocrx_word' id='word_1_245' title='bbox 0 0 1527 5030; x_wconf 95' lang='lat' dir='ltr'> </span> 
     </span>
    </p>
   </div>
  </div>
 </body>
</html>
