3036 5032
402 405 468 470 186
734 421 769 470 n.
795 419 1009 469 unarucrs.

237 597 389 688 museto·
452 580 533 660 Quo
564 598 667 656 anno,
695 578 787 644 circa
816 577 1022 662 principium
1049 578 1176 644 mensis
1200 577 1356 644 Novem·

239 698 342 738 matthe
383 682 485 771 ,bria
523 700 585 746 rex
617 679 809 746 Edwardus
850 678 984 744 audivit
1015 677 1200 757 loannem,
1237 699 1356 762 regem

238 749 388 798 mmm*
403 783 629 858 Francorum,
658 780 750 863 apud
780 779 946 844 Sanctum
976 777 1139 844 Omerum
1166 780 1254 844 velle
1291 799 1356 844 cx-

401 890 542 966 pectarc
562 900 672 964 usque
701 880 746 944 ad
771 899 873 946 suum
898 880 1099 958 adventum,
1116 880 1161 944 ad
1187 879 1356 944 dimican-

402 983 484 1048 dum
510 1001 586 1046 com
610 1000 674 1062 e0;
701 979 761 1063 qui
790 980 884 1044 illico
907 979 1080 1046 calesium
1106 980 1354 1055 transfretavit,

402 1103 481 1148 cum
502 1083 638 1148 duobus
672 1081 752 1146 filiis
784 1082 857 1145 suis
886 1080 1051 1146 Leonello
1082 1090 1118 1147 et
1145 1081 1282 1146 loanne
1312 1081 1357 1146 de

404 1182 537 1262 Gaunt,
574 1201 616 1246 ac
653 1182 791 1247 domino
822 1181 978 1246 Henrico
1009 1181 1096 1248 duce
1128 1181 1356 1258 Lancastriae,

402 1299 509 1367 atque
538 1282 721 1348 comitibus
754 1281 1070 1365 Northamptoniae,
1103 1281 1283 1358 Marchine,
1320 1288 1357 1345 et

403 1383 610 1460 staffordia,
642 1402 720 1446 cum
748 1383 826 1446 aliis
853 1382 1073 1464 magnatibus
1098 1390 1134 1447 ct
1160 1382 1355 1447 hominibus

239 1498 382 1558 buttem·
403 1503 577 1549 armorum
599 1483 643 1548 ad
666 1484 735 1547 duo
758 1482 877 1549 millia.
931 1482 1010 1548 Rex
1029 1503 1110 1548 vero
1127 1483 1354 1558 Francorum,

239 1549 339 1598 mmm
402 1585 467 1650 hoc
501 1584 728 1668 perpendens,
755 1583 971 1680 consumpsit
998 1583 1164 1648 victualia
1201 1603 1279 1659 sua,
1312 1602 1354 1646 ne

402 1683 543 1766 Anglici
567 1684 694 1748 eisdem
715 1690 905 1762 uterentur,
920 1691 958 1748 et'
971 1684 1060 1748 clam
1082 1703 1161 1750 cum
1185 1684 1257 1748 suis
1274 1685 1354 1748 abs·

403 1787 520 1851 cessit.
572 1785 686 1865 Quem
709 1784 759 1849 sic
777 1785 965 1866 fugientem
980 1804 1042 1850 rex
1058 1784 1250 1850 Edwardus
1264 1784 1355 1848 inse·

403 1893 505 1950 cutus
542 1893 596 1951 est
630 1904 739 1968 usque
766 1881 963 1962 1Hedeum3
1005 1885 1066 1950 sed
1099 1893 1241 1967 propter
1273 1885 1355 1949 rari·

405 1994 513 2051 tatem
533 1985 735 2051 victualium
761 2003 882 2049 versus
903 1983 1075 2050 Galesiam
1105 1985 1219 2063 rediit,
1245 1993 1356 2051 totam

404 2087 553 2170 patriam
569 2107 631 2170 per
647 2103 687 2150 Χ.
705 2085 779 2151 dies
796 2086 978 2150 vastando.

242 2201 354 2241 Theseos
456 2187 502 2251 Et
525 2187 607 2253 dum
633 2187 708 2251 haec
731 2193 927 2268 agerentur,
945 2185 1042 2251 Scoti
1059 2186 1203 2252 subdole
1220 2193 1257 2251 et
1274 2207 1356 2251 noc·

241 2251 372 2342 {ffi‘h‘
406 2293 508 2353 turno
547 2296 700 2370 tempore
729 2292 894 2369 ceperunt
927 2285 1044 2350 villam
1078 2286 1121 2350 de
1151 2286 1354 2364 Berewiclr;

243 2352 345 2393 Bm
405 2386 580 2453 ²castrum
607 2392 722 2454 tamen
756 2386 909 2471 ejusdem
941 2385 1106 2451 remansit
1136 2387 1172 2452 in
1199 2388 1357 2453 custodia

402 2487 621 2571 Anglorum:
647 2489 692 2553 ob
718 2506 822 2571 quam
845 2505 986 2552 causam
1016 2506 1079 2552 rex
1103 2487 1296 2552 Edwardus
1322 2489 1357 2554 in

404 2586 569 2671 Angliam
599 2595 653 2654 est
680 2607 862 2667 reversus3
901 2595 949 2664 et,
979 2587 1091 2652 accito
1128 2588 1357 2671 parliamento

404 2690 498 2772 apud
515 2688 873 2764 westmonasterium,
900 2706 1100 2752 concessum
1125 2697 1201 2753 erat
1230 2689 1274 2766 ci,
1302 2691 1357 2770 [ut

405 2789 564 2872 haberet]
593 2790 635 2854 de
657 2788 813 2870 quolibet
836 2805 938 2852 sacco
963 2787 1064 2865 lenae,
1082 2807 1144 2870 per
1165 2808 1228 2853 sex
1246 2807 1357 2876 annos

403 2890 565 2973 proximo
595 2895 791 2972 sequentes,
808 2885 1082 2971 ³quinquaginta
1097 2889 1237 2960 solidos.
1291 2890 1357 2954 Ee

403 2989 484 3062 ‚dem
506 3009 607 3070 armo,
626 3004 687 3054 v11.
704 2989 783 3052 idus
802 2987 825 3052 J
828 2989 976 3066 asuarii,
994 2996 1097 3054 natus
1123 2998 1177 3054 est
1198 2989 1273 3072 regi
1291 2990 1356 3054 En·-

406 3090 535 3168 wardo,
551 3090 644 3173 apud
661 3087 889 3166 Woodstock,
903 3089 1062 3153 dominus
1079 3089 1242 3154 Thomas.

242 3310 356 3350 rusca.
458 3287 566 3353 Aurio
593 3288 734 3354 Douma
758 3296 961 3366 moccnvn,
992 3298 1027 3354 et
1052 3292 1143 3372 regis
1163 3289 1357 3372 Anglorum

242 3365 386 3499 ἔξὲῧέξξπᾱ
408 3389 569 3455 Edwardi
598 3390 691 3454 tertii
728 3409 817 3454 anno
844 3407 955 3466 xxm,
985 3407 1067 3454 xm.
1100 3391 1155 3454 die
1185 3390 1356 3467 lanuarii,

243 3510 373 3599 griffina&
403 3491 480 3572 ‚regi
499 3490 671 3554 Edwardo
698 3490 732 3552 in
762 3498 876 3555 castro
905 3491 947 3555 de
974 3489 1153 3556 Berewick
1181 3493 1357 3567 existenti,

244 3610 334 3710 {agant
407 3610 481 3654 sine
494 3589 639 3667 insultu,
655 3589 788 3654 reddita
802 3597 856 3654 est
872 3590 955 3654 villa
972 3589 1125 3673 ejusdem
1141 3609 1202 3674 per
1213 3591 1354 3667 Scotos;

408 3698 443 3754 et
473 3689 655 3754 confestim
688 3697 823 3772 postea,
855 3707 949 3754 xxv,
981 3690 1037 3753 die
1064 3689 1235 3769 Januarii,
1267 3693 1357 3774 apud

409 3789 663 3872 Rckesbourgh
698 3790 855 3855 dominus
895 3791 1086 3856 Edwauius
1118 3792 1259 3868 Baillol,
1297 3812 1356 3855 rex

383 3963 388 3972 ,
408 3891 546 3968 Scotiae,
573 3909 715 3971 regnum
742 3898 775 3953 et
794 3909 955 3954 coronam
975 3890 1101 3956 Scotiae
1123 3892 1303 3957 transtulit
1323 3893 1357 3956 in

444 4129 452 4161 ¹
470 4131 488 4182 i.
500 4146 522 4180 e.
537 4128 648 4178 Hesdin.

443 4199 454 4229 ²
469 4202 517 4251 See
528 4201 672 4261 Avesbury,
683 4203 825 4248 235-238.
934 4159 944 4190 ³
962 4161 1038 4225 ‘Uo'
1055 4164 1132 4214 Walt-
