3010 5030
487 501 707 550 cunouroou.
1025 487 1067 550 71

122 657 218 723 vultu
245 666 281 724 et
307 658 430 724 audaci
453 661 567 725 animo
590 661 816 739 confortante,
841 659 907 726 1ita
925 663 1204 754 viriliterueumo

123 779 157 822 se
172 760 360 839 habebant,
375 761 468 845 quod
485 769 564 845 post
581 762 765 845 aliqualem
784 781 961 827 numerum
978 765 1069 830 occi·
1080 735 1196 777 ‘'m''

124 881 253 938 sorum,
276 863 358 926 dum
375 882 480 926 manu
500 863 543 927 ad
560 882 699 927 manum
722 872 976 946 pugnaverunt,
994 867 1069 930 uni-

125 962 213 1026 versi
229 961 327 1027 Scoti
343 964 468 1028 suntin
482 964 600 1046 sugam
613 964 770 1030 conversi
784 984 793 1044 ;
809 984 897 1046 quos
912 966 1069 1032 domiuus

124 1081 184 1126 rex
203 1069 239 1126 et
262 1082 346 1128 suus
369 1064 552 1143 exercitus
568 1064 755 1130 occidendo
779 1071 813 1130 et
827 1064 991 1149 fugando,
1009 1087 1071 1151 per

124 1163 276 1247 quinque
297 1164 445 1230 miliaria
471 1167 714 1250 sequebantur,
736 1165 786 1230 ita
801 1167 894 1249 quod
912 1168 972 1233 vix
990 1187 1070 1233 eva-

124 1273 241 1329 serunt
257 1265 365 1348 aliqui
383 1267 513 1349 magni,
528 1267 595 1331 nisi
607 1265 739 1349 pedites
754 1274 789 1331 et
803 1275 967 1349 agrestes,
992 1268 1070 1333 Nu·

111 1385 239 1446 umerus
258 1386 341 1431 vero
358 1368 549 1433 occisorum
570 1373 606 1431 et
622 1363 818 1450 fugatorum
842 1387 903 1451 per
920 1369 1070 1433 aestima·

125 1465 253 1530 tionem
276 1486 313 1531 se
326 1468 546 1531 ¹extendebat
580 1466 624 1531 ad
652 1468 836 1550 sexaginta
861 1468 979 1533 millia.
1024 1470 1071 1535 Et

124 1574 247 1648 postea
265 1587 424 1634 reversus
441 1577 494 1634 est
506 1589 568 1632 rex
583 1567 628 1632 ad
645 1587 714 1644 eos⁷
730 1587 818 1651 quos
835 1568 964 1634 dimisit
980 1569 1072 1634 eirca

125 1667 337 1733 obsidionem
360 1670 465 1733 castri
486 1677 521 1734 et
536 1669 628 1735 villae
644 1669 686 1732 de
702 1666 872 1744 Berwick,
886 1668 981 1752 ⁵quod
997 1689 1071 1734 cas·
1083 1688 1195 1777 {nunqu
1215 1663 1218 1670 ’

125 1775 217 1832 trum
240 1775 276 1832 et
292 1788 370 1852 quae
387 1769 471 1834 villa
495 1770 564 1836 cito
586 1767 831 1835 ²reddebantur
852 1769 971 1835 eidem.
1025 1771 1071 1836 Et
1103 1750 1185 1779 Μ’

124 1869 173 1934 sic
189 1869 371 1934 dicebatur
389 1871 526 1955 publice
542 1871 633 1954 quod
659 1888 783 1952 guerra
806 1869 841 1934 in
857 1870 975 1936 Scotia
991 1869 1073 1936 ³suit

125 1969 275 2034 finaliter
300 1973 507 2052 terminata3
530 1972 613 2055 quia
634 1970 749 2036 nullus
771 1972 937 2036 remansit
951 1972 993 2036 de
1010 1993 1072 2036 na·

126 2071 219 2135 tione
246 2071 318 2149 illa,
340 2073 400 2155 qui
421 2079 550 2155 posset,
570 2072 684 2146 sciret,
709 2078 772 2134 aut
792 2071 896 2136 vellet
919 2071 1072 2137 homines

126 2172 169 2235 ad
187 2171 347 2254 praelium
369 2191 591 2256 congregare,
609 2178 670 2235 aut
691 2191 809 2253 regere
832 2179 1070 2255 congregatos.

125 2269 245 2353 ⁴[Non
258 2279 373 2336 tamen
386 2272 452 2337 snit
466 2293 595 2349 verum,
605 2273 694 2336 sicut
708 2271 848 2336 inferius
865 2274 1071 2357 apparebit]

169 2373 282 2436 Facta
299 2373 406 2455 igitur
421 2373 601 2438 voluntate
618 2373 709 2454 regis
726 2372 768 2436 de
789 2372 843 2436 his
859 2375 918 2456 qui
934 2374 1073 2439 suerunt
1086 2392 1223 2442 crappum

127 2475 161 2537 in
175 2473 263 2538 villa
287 2481 323 2538 et
339 2480 467 2551 castro,
485 2480 520 2538 et
542 2473 663 2538 relicta
683 2473 840 2538 custodia
858 2475 993 2538 nomine
1010 2495 1073 2540 suo
1086 2444 1175 2534 llldd

1086 2555 1189 2594 governor
1197 2544 1220 2584 of

126 2570 177 2637 ⁵in
190 2574 301 2657 ipsius
318 2575 546 2638 defensionem
560 2599 569 2649 ;
594 2574 676 2658 quia
691 2574 780 2638 dixit
795 2575 856 2638 illa
872 2594 933 2640 sua
948 2596 1022 2640 esse
1034 2577 1075 2640 dc
1088 2596 1192 2637 scotland.

124 2675 202 2759 jure
230 2674 449 2753 hereditario,
467 2684 503 2740 et
528 2695 572 2739 ex
594 2682 797 2758 conquaestu
821 2683 1076 2741 antecessorum

128 2795 281 2852 suorum,
297 2776 426 2842 dimisit
443 2775 652 2841 Edwardum
680 2776 712 2838 le
730 2775 878 2841 Baliolle
899 2797 977 2843 cum
1000 2779 1077 2842 aliis

130 2877 314 2954 nobilibus
332 2878 392 2960 qui
410 2896 525 2942 secum
550 2883 661 2954 erant,
685 2875 727 2940 ad
754 2877 944 2942 custodiam
969 2880 1076 2942 totius

130 2977 228 3060 regni
245 2977 395 3056 Scotiae3
419 2984 454 3041 et
467 2978 612 3060 ipsemet
629 2997 691 3041 rex
700 2975 838 3058 Angliae
851 2997 928 3041 cum
943 2979 1077 3042 modica

130 3078 261 3142 familia
282 3079 359 3143 loca
377 3079 503 3143 devota
519 3076 669 3161 Angliae,
689 3079 733 3142 ad
753 3097 830 3160 quae
854 3097 917 3141 sua
938 3077 1076 3142 devotio

131 3199 207 3243 eum
225 3178 337 3257 duxit,
355 3171 497 3263 peregre
510 3185 563 3242 est
577 3179 759 3261 profectus.

166 3280 324 3345 ,Praelati
340 3300 421 3344 vero
445 3280 553 3345 totius
576 3280 672 3362 regni
688 3279 814 3344 Scotiae
836 3280 871 3342 in
893 3279 1076 3343 Franciam

133 3380 307 3464 fugerunt,
331 3387 366 3445 et
381 3381 489 3465 aliqui
504 3380 546 3444 ad
564 3400 735 3444 summum
750 3379 945 3463 pontificem
963 3400 1078 3445 acces-

166 3584 175 3616 ¹
195 3588 273 3638 θανά.
296 3601 339 3648 ap.
364 3585 427 3636 Hau
448 3585 523 3646 adds,
550 3585 594 3634 ‘in
619 3585 741 3634 Mercurii
752 3586 779 3634 in
791 3587 946 3636 crastinum?
956 3589 1030 3638 θανά.
1038 3603 1080 3650 ap.

130 3657 239 3718 quodam
258 3658 314 3706 loco
337 3657 371 3705 ud
390 3660 442 3706 tres
458 3657 546 3705 leucas
562 3655 594 3705 de
620 3655 690 3705 Hull.

132 3727 283 3789 Berewyke,
292 3726 595 3788 Houtenomorevulgari-
653 3722 664 3756 ³
679 3725 819 3775 ‘fuitfiuita
825 3733 850 3776 et
858 3723 1007 3790 terminata,’
1013 3728 1080 3778 Har.

131 3795 595 3859 ternuuoupato,’i.e.Hutton-Muir.
620 3800 691 3846 3836.

132 3868 272 3919 ‘Boothull
285 3870 363 3930 juxta
374 3866 513 3929 Hnlydon,'
524 3868 596 3930 'Hig-
655 3865 664 3894 ⁴
680 3867 761 3918 These
778 3868 862 3917 words
878 3882 920 3916 are
937 3867 1000 3917 from
1015 3870 1082 3919 Hor.

133 3939 427 4003 denupltnightmstu.
450 3938 596 3987 For‘babe-
621 3941 685 3987 3836
696 3939 745 3987 and
756 3939 942 4000 Reg.A.xv111.
970 3939 1082 4000 Hearne,

133 4011 190 4060 bat’
201 4012 227 4059 in
245 4009 287 4058 the
306 4014 361 4058 text
379 4009 421 4058 the
441 4008 515 4058 MSS.
535 4009 596 4058 read
620 4013 712 4071 plot,
723 4009 806 4071 reads,
817 4009 885 4058 ‘Sed
893 4024 942 4056 non
954 4009 991 4057 sic
1003 4012 1081 4060 couti-

132 4083 139 4108 ‘
150 4080 293 4130 habebunt!
620 4081 666 4143 git,
677 4083 706 4128 ut
717 4085 805 4140 postea
815 4080 899 4140 patuit
910 4078 1056 4130 evidenter?

169 4149 263 4200 ²‘cito
290 4151 333 4199 die
358 4150 449 4198 Martis
476 4151 503 4197 in
532 4149 596 4198 festo
655 4148 742 4198 ⁵This
753 4150 775 4198 is
787 4146 868 4198 Hull's
878 4149 992 4212 reading.
1016 4152 1083 4200 Cott.

133 4217 228 4272 sanctae
250 4222 406 4283 Margaretae
428 4219 598 4269 reddebantur
623 4223 662 4271 Cl.
679 4221 722 4282 E„
739 4222 802 4279 neg.
816 4221 849 4269 A.
861 4232 944 4281 xvim,
954 4221 1004 4268 aud
1018 4222 1082 4271 Hor.

134 4294 226 4343 eidem.
257 4292 309 4342 Sed
321 4306 366 4340 rex
378 4305 428 4339 non
439 4291 597 4353 ingredieba-
621 4296 695 4354 3836,
705 4291 769 4340 have
780 4295 787 4320 ‘
798 4287 825 4340 iu'
837 4291 910 4353 ipsis,
920 4291 965 4352 qui
976 4291 1042 4340 dixit
1052 4293 1083 4356 il-

133 4370 175 4413 tnr
187 4363 272 4413 villam
284 4367 330 4412 aut
341 4366 451 4411 castrum
463 4362 596 4411 antediem
620 4362 670 4411 lam
683 4377 754 4411 suam
766 4376 822 4412 esse
829 4363 888 4425 jure
900 4360 1069 4412 hereditario?
