3020 5030
440 469 485 536 88
776 492 811 539 n.
832 489 1047 538 uunrnurn.

281 666 394 706 Theseos·
443 647 539 710 Scoti
561 654 597 711 et
620 645 845 712 ¹invenernnt
869 665 984 730 regem
1006 646 1042 710 in
1065 646 1213 730 quodam
1241 645 1317 710 loco
1343 645 1393 709 fo·

281 717 353 766 nearly
362 718 413 756 take
1492 678 1493 738 1

283 767 373 828 sewen
446 753 549 811 restae
571 747 614 810 de
640 747 859 824 Blakemore,
883 754 918 812 et
937 745 1129 811 eirruentes
1155 747 1191 811 in
1218 765 1333 827 regem
1360 753 1395 809 et

281 820 408 907 ibiibi
445 866 528 911 suos
562 867 704 930 gravem
729 847 896 912 insultum
923 847 1104 923 dederunt,
1140 846 1190 910 ite
1212 846 1306 929 quod
1331 865 1394 908 rex

283 919 363 958 Μ
447 963 526 1011 cum
551 948 623 1012 suis
648 948 889 1012 secretioribus
906 948 968 1012 vix
993 948 1125 1020 evasit;
1151 953 1187 1010 et
1209 946 1303 1028 capti
1324 946 1395 1010 fue

446 1055 528 1112 runt
546 1068 609 1130 per
625 1047 748 1112 Scotos
773 1063 887 1113 comes
911 1047 1152 1114 Richmundiae
1178 1053 1213 1111 et
1235 1047 1395 1110 dominus

446 1148 489 1213 dc
507 1147 670 1231 Sylliaco,
685 1149 831 1212 nuncius
852 1147 944 1229 regis
961 1147 1131 1224 Franciee‚
1147 1154 1184 1211 et
1204 1146 1305 1211 multi
1323 1145 1394 1210 alii.

449 1247 550 1312 Unde
570 1246 678 1326 Secti,
703 1267 765 1330 per
783 1255 892 1313 totam
923 1247 1070 1329 patriam
1092 1246 1331 1329 depraedantes
1362 1254 1398 1309 et
1472 1331 1474 1336 Ι

448 1349 687 1413 comburentes
704 1365 814 1431 usque
831 1347 875 1411 ed
892 1347 1099 1424 Eboracum,
1116 1346 1288 1429 permulta
1305 1345 1397 1409 mala

447 1449 601 1512 fecerunt
619 1467 729 1530 usqne
752 1446 797 1512 ad
812 1447 931 1512 villam
947 1446 990 1510 de
1006 1444 1200 1528 ³Riponus,
1217 1452 1253 1510 et
1269 1446 1398 1510 multos

448 1547 591 1612 clericos
613 1548 807 1630 collegiatae
828 1545 983 1612 ecclesiae
1007 1552 1042 1610 ct
1058 1545 1163 1610 etiam
1181 1546 1288 1610 laicos
1306 1545 1397 1611 occi·
1494 1607 1495 1632 ,

448 1648 588 1726 dentes;
627 1648 686 1712 sed
720 1649 756 1711 in
786 1647 870 1712 villa
906 1647 950 1710 dc
977 1645 1190 1711 ³Bcverlaco
1227 1645 1397 1711 neminem
1494 1645 1495 1722 ᾗ

448 1747 659 1826 occiderunt,
698 1748 780 1831 quia
804 1767 868 1829 pro
894 1763 992 1810 ccco.
1015 1746 1113 1810 libris
1139 1766 1177 1810 sc
1210 1747 1398 1828 burgenses

448 1855 484 1912 et
509 1848 666 1912 canonici
688 1847 925 1926 redemerunt3
953 1854 988 1911 et
1009 1847 1059 1910 sic
1075 1845 1170 1911 Scoti
1185 1857 1329 1929 propter
1344 1846 1397 1910 in-

449 1954 597 2012 stantem
615 1946 760 2012 hiemem
777 1947 962 2012 redierunt.

501 2047 580 2112 Hoc
597 2067 689 2112 anno
705 2047 786 2112 fecit
803 2046 961 2111 dominus
979 2063 1041 2111 rex
1058 2045 1197 2128 Angliae
1223 2045 1397 2110 domiuum

449 2147 625 2212 Andream
646 2148 689 2213 de
713 2146 871 2231 Herkley
889 2147 1048 2212 comitem
1076 2145 1338 2224 Carliolensem,
1364 2155 1398 2212 ct
1495 2147 1496 2196 l

449 2247 616 2330 quasdam
652 2255 763 2312 terras
794 2247 831 2310 in
865 2246 1019 2312 marchia
1044 2246 1171 2311 Scotiae
1201 2247 1267 2310 sibi
1294 2246 1398 2311 dedit.

288 2369 391 2408 mernor
451 2347 531 2411 Hoc
559 2366 649 2411 anno
678 2355 834 2412 mortuus
856 2348 923 2412 fuit
944 2367 1006 2410 rex
1028 2345 1185 2412 Franciae
1203 2346 1399 2430 Philippus,

288 2419 388 2469 Philipv.
397 2419 438 2458 end

288 2469 427 2558 affingi
451 2446 543 2510 lilius
566 2446 731 2530 Philippi,
759 2447 815 2511 cui
843 2447 1010 2512 successit
1038 2447 1074 2510 in
1102 2466 1210 2528 regno
1228 2443 1401 2512 ⁴Garolus

290 2569 406 2610 ornnes
451 2547 559 2611 frater
577 2546 664 2630 ejus,
681 2547 741 2630 qui
760 2546 826 2611 fuit
844 2548 940 2629 prius
957 2567 1070 2612 comes
1088 2545 1256 2611 Marchiae
1278 2542 1291 2580 ⁵
1293 2547 1402 2631 juxta

452 2646 671 2712 vasconiam.
725 2647 884 2711 Heredes
913 2648 1016 2712 etiam
1040 2655 1076 2712 et
1101 2666 1228 2711 uxores
1248 2649 1401 2712 omnium

451 2747 722 2823 interfectorum,
753 2755 793 2812 nt
819 2748 981 2829 praemisi,
1006 2755 1042 2811 et
1069 2755 1322 2812 carceratorum
1348 2749 1401 2812 in·

451 2849 727 2924 carcerabantur,
743 2855 780 2912 et
798 2855 901 2913 extra
925 2846 1159 2930 possessiones
1182 2848 1399 2924 tenebantur,

451 2956 487 3012 et
517 2967 643 3012 uxores
669 2947 836 3013 indotatae
863 2955 1041 3012 manentes
1070 2955 1171 3012 extra
1196 2959 1307 3012 terres
1335 2948 1400 3012 sibi

451 3047 593 3131 propria
614 3049 831 3113 successione
854 3048 987 3113 debitas
1009 3049 1227 3126 tenebantur,
1247 3055 1401 3132 tempore

452 3147 537 3212 dicti
582 3150 685 3231 regis.
755 3147 836 3214 Hoc
872 3165 963 3212 anno
1004 3147 1183 3212 Iohannes
1219 3149 1401 3231 episcopus

453 3247 700 3332 Norwycensis
727 3248 876 3313 inhibuit
898 3250 962 3313 sub
989 3267 1095 3330 poena
1124 3249 1400 3313 excommunica-

454 3348 570 3426 tionis,
611 3369 654 3413 ne
688 3367 793 3413 causa
828 3349 863 3410 in
898 3349 1044 3412 ecclesia
1082 3368 1146 3413 sua
1173 3349 1400 3434 Norwycensi

452 3448 531 3512 inde
546 3443 778 3512 celebraretur
791 3447 827 3510 in
843 3447 900 3512 die
915 3443 1048 3513 sanctae
1061 3438 1271 3514 Trinitatis.⁶

488 3671 567 3723 ¹'l'he
585 3675 649 3738 king
666 3689 721 3724 was
738 3677 868 3737 surprised
890 3681 916 3726 at
976 3675 1050 3729 ⁴i.e.
1062 3677 1168 3728 Charles
1179 3678 1227 3728 IV.

451 3743 549 3805 dinner,
565 3745 591 3792 in
607 3745 650 3794 the
662 3745 802 3795 cistercien
818 3761 916 3796 monas-

451 3819 506 3876 tery
517 3815 546 3862 ol
554 3815 628 3863 Bella
640 3815 737 3878 Laude,
750 3817 767 3866 i.
776 3831 800 3866 e.
813 3817 915 3879 Biland,
974 3815 985 3846 ⁵
1001 3818 1214 3882 ‘Vasconieusis,'
1226 3818 1311 3871 Hcll's
1328 3823 1401 3882 Ms.;

451 3884 587 3947 according
599 3889 624 3934 to
641 3886 753 3949 Higden,
765 3901 806 3948 ap.
819 3887 916 3950 Knigh-
940 3889 975 3936 all
986 3888 1028 3937 the
1039 3889 1110 3938 other
1121 3889 1197 3940 MSS.
1209 3905 1238 3939 as
1248 3891 1276 3939 in
1287 3892 1330 3941 the
1341 3899 1400 3942 text.

451 3961 502 4016 ton,
513 3958 586 4005 2541.

487 4021 498 4050 ²
513 4025 684 4088 ‘insilientes’
695 4022 779 4076 Hull'r
798 4029 835 4076 ed.
872 4027 916 4076 All
975 4025 985 4056 ⁶
1000 4027 1054 4078 The
1067 4030 1203 4092 preceding
1220 4036 1346 4094 sentence,
1360 4034 1402 4081 be-

452 4095 494 4142 the
524 4095 601 4144 MSS.
629 4096 693 4147 have
717 4098 759 4147 the
789 4098 861 4146 word
889 4099 915 4147 in
940 4099 1044 4161 ginning
1065 4097 1143 4148 ‘sHoc
1169 4115 1234 4148 anuo
1257 4099 1404 4164 lohannes?

451 4165 494 4214 the
506 4169 566 4215 text.
940 4170 987 4218 &e
998 4184 1088 4218 occurs
1107 4171 1133 4218 in
1150 4185 1181 4218 no
1200 4171 1272 4219 other
1288 4173 1344 4224 MS.
1357 4175 1403 4222 but

454 4233 498 4354 H³
513 4232 640 4357 ‘gleiggue’
663 4238 713 4287 and
735 4239 744 4266 ‘
758 4239 916 4302 Beverleye,'
941 4240 968 4288 in
979 4239 1033 4288 thet
1044 4239 1073 4289 ol
1083 4241 1150 4291 Coit.
1167 4242 1206 4290 Οἱ.
1218 4241 1249 4292 Ε.
1262 4255 1320 4294 vm.

482 4322 519 4356 ur.
598 4344 604 4358 .
