3010 5030
440 487 505 550 102
781 502 815 549 a.
835 501 1050 550 uuaruuru.

441 681 519 725 cum
538 658 819 739 Flandrensibus,
837 666 872 726 et
888 659 1123 738 Brahantinis,
1146 664 1182 722 et
1205 656 1328 741 paucis
1350 656 1392 721 de

442 759 585 842 Anglia,
602 760 749 826 obsessit
763 759 939 826 civitatem
953 755 1233 825 Tornacensem.¹

281 880 410 923 sumata·
496 858 655 925 ⁹Summa
681 867 797 925 autem
821 860 961 926 navium
985 867 1165 943 captarum
1187 859 1230 923 de
1246 856 1393 922 Gallicis

279 931 418 1034 maan
443 959 487 1026 ad
510 951 689 1038 ducentas,
714 966 750 1025 et
778 960 974 1043 bargiarum
1005 961 1161 1042 triginta,
1183 979 1220 1023 se
1246 957 1392 1023 extend·

444 1061 536 1127 ebat.
609 1060 713 1137 Item,
748 1079 883 1126 summa
914 1061 1105 1126 occisorum
1142 1075 1233 1125 xxv.
1258 1054 1394 1122 millia.³

445 1161 548 1238 Item,
596 1180 730 1225 summa
762 1169 956 1226 nostrorum
986 1161 1177 1225 occisorum
1204 1159 1297 1225 circa
1323 1174 1392 1221 1111.

444 1260 571 1341 millia;
605 1261 698 1325 inter
724 1281 812 1344 quos
837 1261 977 1327 suerunt
1002 1277 1073 1326 1111.
1098 1260 1235 1338 milites,
1262 1258 1393 1323 scilicet

444 1361 603 1426 dominus
628 1360 782 1426 Thomas
809 1361 851 1426 de
880 1361 1152 1439 Mountbermer,
1185 1359 1393 1440 consangui-

445 1481 531 1526 neus
549 1462 660 1543 regis,
686 1461 844 1526 dominus
862 1461 1014 1528 Thomas
1032 1462 1075 1526 de
1093 1460 1269 1544 Latymer,
1284 1458 1392 1538 filius;

445 1562 604 1626 dominus
620 1560 817 1627 Willelmus
832 1562 865 1626 le
881 1561 1033 1639 Boteler,
1048 1562 1091 1626 de
1105 1555 1382 1625 Northbourne.⁴

283 1658 421 1748 ffifgg‘f,
502 1661 604 1740 Item,
631 1662 697 1727 hoc
719 1681 812 1726 anno
844 1663 936 1727 circa
969 1662 1095 1727 festum
1125 1662 1237 1727 sancti
1259 1658 1283 1723 J
1286 1658 1394 1723 oban-

284 1758 426 1859 ffifflm
445 1763 512 1840 nis,
545 1761 652 1839 Scoti,
691 1769 848 1844 treugam
885 1763 981 1846 prius
1008 1763 1130 1826 initam
1161 1780 1301 1825 servare
1335 1779 1395 1824 no-

446 1863 568 1940 lentes,
598 1860 762 1944 Angliam
800 1863 836 1926 in
868 1862 1087 1928 multitudine
1126 1880 1254 1943 magna
1285 1861 1395 1925 intra-

446 1969 587 2040 verunt,
602 1963 809 2040 occidentes,
831 1964 1080 2039 comburentes,
1106 1968 1142 2026 et
1159 1962 1259 2043 quasi
1285 1967 1395 2025 totam

446 2062 633 2127 marchiam
652 2062 923 2146 ¹depraedantem
955 2070 991 2127 et
1027 2082 1105 2128 cum
1135 2069 1240 2145 capta
1277 2060 1397 2144 praeda

447 2163 610 2240 redirent,
632 2182 696 2228 nec
720 2163 852 2228 nobiles
870 2163 1083 2228 marchiones
1103 2160 1241 2244 Angliae
1258 2161 1396 2226 illarum

447 2264 611 2346 partium,
649 2264 774 2346 quibus
804 2283 932 2346 magna
960 2263 1107 2346 pecunia
1137 2283 1200 2345 pro
1237 2262 1396 2327 custodia

447 2363 540 2427 illius
569 2363 731 2427 marchiae
765 2383 828 2446 per
852 2364 1028 2428 dominum
1062 2355 1178 2445 regem
1202 2361 1317 2427 fuerat
1344 2382 1397 2426 as-
1499 2375 1500 2396 ²

448 2463 599 2544 signata,
620 2462 734 2528 Scotis
761 2482 938 2530 occurrere
972 2470 1144 2542 curarent,
1161 2483 1224 2528 seu
1254 2462 1397 2527 nimium

448 2562 691 2645 procellerent,
737 2565 922 2647 populares
966 2563 1059 2628 illius
1102 2563 1264 2628 marchiae
1312 2563 1399 2646 ipsis

448 2662 562 2728 Scotis
585 2663 807 2729 redeuntibus
831 2673 1062 2742 occurrentes,
1079 2664 1231 2747 praedam
1258 2673 1398 2747 captam
1498 2695 1499 2720 r

449 2763 593 2828 viriliter
613 2763 841 2844 abstulerunt,
865 2764 993 2830 multos
1018 2765 1227 2842 occiderunt,
1248 2772 1283 2831 et
1300 2765 1399 2848 plus-

449 2882 551 2944 quam
583 2865 760 2946 ootoginta
792 2865 834 2930 de
863 2865 1051 2950 majoribus
1078 2864 1259 2930 Scotorum
1297 2884 1399 2949 cepe·

449 2971 541 3040 runt,
559 2971 594 3027 et
609 2983 788 3047 quousque
804 2985 841 3030 se
857 2966 1075 3043 redimerent,
1091 2966 1286 3030 carceribus
1303 2985 1400 3030 man·
1497 2995 1498 3024 2

448 3062 623 3145 ciparunt;
643 3064 686 3129 de
707 3085 776 3147 quo
804 3066 898 3131 facto
926 3066 1075 3150 majores
1099 3066 1194 3130 illius
1222 3066 1401 3145 marchiae,

448 3162 560 3226 minus
578 3164 840 3244 rationabiliter,
858 3164 995 3230 fuerant
1009 3166 1191 3248 indignati.

286 3281 368 3322 stenen
499 3263 602 3340 Item,
628 3264 719 3328 circa
751 3265 876 3330 festum
907 3266 1018 3330 sancti
1048 3266 1145 3332 Petri
1174 3267 1218 3330 ad
1244 3266 1398 3344 vincula,
1496 3335 1497 3342 χ

284 3332 363 3382 plrates
378 3341 411 3370 ra·

286 3383 423 3473 fflgm
449 3373 618 3428 venerunt
644 3364 765 3447 piratae
797 3366 964 3444 Francius,
995 3386 1073 3431 cum
1106 3367 1278 3451 adjutorio
1310 3367 1400 3431 His*

449 3482 629 3546 panorum,
660 3472 696 3528 et
726 3465 892 3532 insultum
922 3467 1090 3534 dederunt
1120 3467 1212 3550 apud
1241 3466 1401 3532 Insulam
1495 3537 1496 3542 ,

484 3699 492 3728 ¹
510 3703 558 3752 See
581 3701 716 3754 Edward’s
733 3706 913 3766 proclamation
937 3707 979 3756 the
995 3708 1070 3756 latter
1080 3709 1100 3756 it
1110 3709 1132 3757 is
1149 3709 1305 3770 transposed.
1343 3710 1404 3759 Itls

449 3774 607 3835 annonnoing
624 3774 673 3823 this
689 3777 844 3840 expedition,
863 3778 913 3827 and
938 3778 1041 3828 omitted
1052 3780 1079 3826 in
1090 3779 1154 3841 Reg.
1165 3778 1199 3828 Α.
1211 3791 1284 3828 xvur.

449 3844 542 3906 calling
563 3845 602 3892 sor
628 3859 644 3893 a
666 3845 780 3910 subsidy,
802 3848 866 3910 July
889 3853 914 3910 9,
972 3845 1156 3912 ⁸‘Plusquam
1166 3849 1268 3911 triginta
1276 3850 1360 3900 millia
1371 3851 1404 3900 de

450 3917 523 3972 1340,
535 3915 560 3962 in
572 3915 645 3976 Rym.
658 3931 683 3966 v.
695 3921 751 3966 197.
939 3918 1103 3981 Francigenis
1121 3920 1263 3982 interempti
1280 3919 1404 3985 fuerunt,'

483 3981 562 4033 ²sse
578 3986 660 4034 whole
681 3986 710 4035 of
724 3987 766 4036 the
784 3987 914 4051 following
939 3989 1032 4038 Robert
1042 3989 1071 4038 of
1078 3989 1223 4051 Avesbury‚
1233 3994 1274 4039 ⁵6.

451 4055 616 4118 paragraphs‚
635 4056 710 4104 down
732 4061 758 4105 to
775 4057 784 4084 ‘
800 4059 834 4106 Et
844 4058 914 4106 misit
972 4058 982 4088 ⁴
998 4059 1079 4108 There
1086 4061 1237 4110 seemstobe
1248 4075 1318 4110 some
1329 4077 1405 4112 name

448 4123 577 4173 dominum
597 4126 732 4175 Robertum
751 4127 784 4176 de
801 4124 912 4190 Artoys,’
937 4129 1041 4178 omitted
1051 4130 1120 4192 here,
1131 4131 1217 4179 unless
1224 4146 1264 4180 we
1276 4138 1355 4181 count
1362 4134 1404 4182 the

448 4194 522 4257 infra,
541 4211 566 4256 p.
578 4199 633 4258 103,
650 4197 672 4246 is
687 4197 749 4245 from
763 4199 802 4248 Ol,
815 4200 846 4248 E.
858 4211 911 4248 vru.
937 4200 1018 4248 sonos
1025 4200 1133 4249 Thomas
1144 4202 1176 4250 de
1189 4202 1307 4264 humer
1318 4218 1349 4252 as
1357 4219 1405 4254 one

448 4265 498 4312 and
511 4267 577 4314 Cott.
587 4267 662 4328 Nero,
675 4267 709 4317 D.
720 4279 756 4330 x.,
774 4269 870 4331 though
886 4270 912 4318 in
936 4269 965 4318 os
973 4269 1014 4318 the
1025 4271 1129 4334 knights
1140 4272 1214 4321 slain.
