3010 5030
504 487 725 535 canonicos.
1021 475 1087 540 117

138 663 260 722 semus,
278 643 496 708 concordiam
515 651 550 709 et
570 643 757 709 amicitiam
780 647 857 710 cum
885 645 978 712 dicto
1005 669 1086 732 rege
1098 673 1223 723 maesse

139 744 293 809 Franciae
305 745 555 822 contraximus,
573 753 609 809 et
625 745 788 810 unionem
802 747 984 828 inivimus;
1099 723 1226 815 limi.

177 843 488 929 ‘Vicariatumque
514 845 577 910 tibi
600 865 663 928 per
688 866 751 911 nos
781 848 1012 927 commissum,
1041 870 1086 914 ex

139 946 249 1009 causis
264 947 505 1010 revocavimus
522 947 736 1029 praenotatis.

182 1044 278 1110 ‘Pro
295 1046 394 1111 firmo
412 1048 562 1111 sciturus
578 1046 670 1129 quod
686 1047 722 1110 in
738 1047 944 1112 tractatibus
959 1052 1086 1115 nostris

137 1146 181 1210 sic
208 1146 273 1210 tibi
296 1147 448 1212 fraterne
478 1146 703 1231 providimus,
729 1148 821 1230 quod
852 1146 900 1234 (si
933 1151 1086 1215 consiliis

138 1247 262 1311 nostris
284 1247 479 1312 consentire
506 1244 675 1331 volueris)
697 1267 803 1312 causa
824 1256 887 1313 tua
910 1250 953 1314 ad
985 1252 1086 1315 finem

137 1347 271 1426 bonum,
287 1347 459 1412 mediante
474 1355 594 1412 nostro
609 1349 752 1426 auxilio,
768 1349 985 1432 perducetur.

179 1447 313 1530 ‘Super
334 1456 429 1513 tuam
452 1449 640 1514 amicitiam
659 1455 780 1514 nostra
803 1450 994 1514 intentione
1016 1452 1086 1534 ple

138 1547 210 1612 nius
225 1548 478 1613 informandam
490 1548 688 1632 religiosum
703 1549 826 1627 virum,
840 1549 981 1614 fratrem
996 1551 1085 1616 Ebe-

138 1647 308 1726 thardum,
319 1650 481 1714 lectorem
498 1649 629 1713 ordinis
648 1650 810 1714 Fratrum
828 1649 1086 1716 Heremitarnm

137 1749 245 1814 sancti
259 1749 462 1832 Augustini,
480 1750 665 1834 specialem
673 1756 810 1834 ,nostrae
830 1752 934 1816 curiae
952 1749 1085 1836 1capel-

137 1847 262 1928 lanum,
280 1857 349 1916 tuae
375 1851 584 1915 fraternitati
606 1850 879 1926 transmisimus;
908 1872 1010 1935 quem
1026 1874 1086 1937 pe-

137 1949 249 2028 timus,
272 1971 377 2034 super
408 1951 594 2034 praemissis
620 1951 777 2016 celeriter
803 1952 1002 2035 expeditum
1033 1975 1086 2018 re·

134 2050 233 2115 mitti.

184 2151 349 2215 ‘Datum
368 2149 693 2218 ²Francheufordiee
723 2169 851 2218 xx1111.
879 2153 933 2217 die
960 2155 1086 2218 mensis

136 2249 157 2313 J
160 2252 242 2330 unii,
252 2251 350 2335 regni
365 2254 475 2318 nostri
493 2273 584 2317 anno
598 2269 702 2318 xxvi.
717 2252 851 2335 imperii
864 2273 946 2318 vero
961 2252 1087 2321 x1111.’³

148 2494 363 2544 RESPONSUM
392 2497 498 2544 REGIS
522 2495 666 2546 ANGLIAE
688 2496 736 2543 AD
765 2493 916 2542 EUNDEM
945 2475 1069 2542 DUGllM

515 2595 695 2645 BAVARIAE.

179 2760 451 2824 ‘Suannrssrruo
476 2758 623 2841 principi
643 2757 779 2822 domino
797 2756 995 2833 Lodowico,
1014 2756 1083 2820 Dur
1097 2781 1205 2821 saner.

132 2861 257 2942 gratia,
281 2861 517 2926 Romanorum
537 2858 744 2942 Imperatori
761 2875 896 2939 semper
912 2854 1085 2938 Augusto,
1096 2833 1230 2933 {ffilysiirfm

133 2960 325 3026 Edwardus
340 2962 460 3026 eadem
477 2961 601 3043 gratia,
620 2979 682 3023 rex
700 2957 856 3021 Franciae
874 2962 909 3020 et
933 2954 1083 3038 Angliae,

131 3070 164 3126 et
183 3063 345 3127 dominus
362 3062 552 3138 Hiberniae,
578 3061 736 3136 salutem,
749 3064 784 3122 et
802 3055 928 3122 votivis
949 3075 1085 3139 semper

131 3163 346 3228 successibus
364 3162 544 3245 gratulari.

177 3264 406 3328 ‘Serenitatis
432 3268 557 3328 vestrae
583 3261 700 3325 literas
727 3264 924 3324 reverenter
953 3257 1083 3340 recepi-

130 3383 216 3443 muS,
253 3365 343 3428 inter
388 3365 457 3429 alia
498 3362 726 3437 continentes,
764 3360 857 3443 quod
897 3359 1084 3441 praeclarus

130 3463 314 3550 Philippus
332 3465 373 3530 de
395 3463 551 3542 Valesio,
564 3463 607 3526 ad
627 3461 844 3526 tractandum
862 3461 952 3524 inter
969 3480 1032 3524 nos
1050 3466 1085 3524 et

128 3565 239 3648 ipsum
265 3566 496 3641 concordiam,
517 3563 610 3627 dedit
631 3563 742 3638 vobis
760 3561 803 3626 ad
827 3561 1081 3644 requisitionem

129 3675 293 3744 vestram,
316 3667 388 3731 suis
402 3667 510 3732 literis
537 3669 767 3747 potestatem
796 3669 831 3726 et
854 3656 899 3745 (si
930 3661 1083 3744 placeret

129 3769 226 3833 nobis
261 3775 469 3852 potestatem
501 3763 698 3850 hujusmodi
720 3761 819 3826 vobis
845 3763 942 3845 dare)
960 3760 1082 3825 libenti

158 4018 166 4048 ¹
186 4019 361 4083 ‘capitulumss
373 4018 433 4067 MS.
615 4015 689 4076 bury,
706 4016 747 4074 90,
766 4016 791 4060 et
807 4026 861 4073 seq.
899 4011 948 4059 For
964 4010 1006 4060 the
1025 4010 1080 4059 her-

616 4083 769 4133 mit-monk's
788 4096 860 4130 name
879 4081 1013 4142 Avesbury
1033 4081 1079 4130 has

159 4122 170 4154 ²
187 4120 433 4182 ‘Fauchenffliae'’
444 4120 504 4170 MS·
616 4154 811 4203 ‘Eliarhardum
820 4152 835 4212 ;'
847 4153 927 4200 Wals.
940 4151 1080 4200 ‘Edward-

160 4226 172 4259 ⁸
190 4229 237 4278 See
255 4226 306 4275 this
323 4227 350 4274 in
370 4226 472 4287 Rymer,
487 4239 512 4275 v.
526 4227 591 4282 2623
617 4241 660 4274 um
670 4226 686 4285 3'
708 4225 758 4272 and
775 4224 869 4284 Rymer
887 4222 1080 4272 ‘Eberardnml

126 4298 312 4362 Walsingham,
341 4297 397 4358 145,
420 4298 483 4357 1463
512 4294 592 4344 Aves·
616 4296 670 4344 The
682 4295 740 4344 date
751 4295 778 4343 in
789 4294 831 4344 the
842 4294 917 4344 latter
927 4293 949 4343 is
957 4294 1026 4344 June
1037 4297 1078 4344 2⁵.
