3010 5030
398 439 464 503 108
743 453 777 500 a
796 449 1010 499 uuaruuna.

400 607 550 674 Amandi
594 627 656 690 per
689 607 882 690 quindecim
919 607 1081 671 milliaria
1107 604 1262 682 ¹invasit,
1295 604 1355 670 ubi

400 709 653 791 quinquaginta
687 708 824 785 milites,
865 716 901 771 et
940 708 1028 772 alios
1070 707 1354 790 quamplurimos

400 815 565 891 ceperunt
597 817 633 872 et
659 807 868 885 occiderunt,
886 816 922 873 et
950 809 1049 891 quasi
1082 808 1234 870 infinitas
1264 805 1354 869 divi·

402 909 469 974 tias
493 910 710 984 invenerunt,
738 915 773 972 et
799 909 916 972 villam
949 908 1207 984 destruxerunt,
1238 914 1273 971 et
1305 906 1355 969 ita

402 1007 558 1073 fecerunt
579 1009 644 1072 toti
669 1009 791 1090 patriae
819 1008 1098 1092 circumquaque,
1126 1017 1161 1073 et
1183 1005 1353 1084 exercitui

238 1130 384 1179 assessu
402 1108 446 1172 de
468 1108 676 1173 victualibus
701 1107 995 1172 abundantissime
1022 1108 1255 1190 providerunt.
1308 1106 1355 1170 Et

238 1184 344 1231 T⁰⁰‘¹¹³³'
403 1207 542 1272 duravit
572 1209 707 1272 obsidio
742 1208 895 1272 civitatis
921 1208 1151 1272 Tornaceusis
1177 1206 1354 1291 usquead

369 1349 371 1354 ,
402 1308 528 1373 festum
554 1317 752 1373 sanctorum
767 1306 902 1372 Cosmae
925 1317 959 1373 et
982 1309 1185 1383 Damianae3
1205 1328 1275 1390 quo
1299 1307 1354 1371 die

404 1418 483 1491 post
517 1409 644 1472 multos
687 1416 857 1472 tractatus
901 1428 1005 1491 super
1045 1417 1168 1490 treuga
1204 1407 1355 1472 ineunda

240 1530 359 1572 neuen
404 1529 464 1592 per
483 1507 638 1573 Gallicos
664 1516 861 1591 procurata,
884 1528 1087 1574 consensum
1116 1509 1182 1573 fuit
1203 1509 1237 1570 in
1260 1517 1354 1573 treu-

240 1581 391 1681 {iiiiiffismd
404 1630 497 1691 gam,
525 1628 603 1692 quae
628 1616 733 1692 capta
763 1608 829 1673 suit
854 1609 897 1672 ad
922 1610 1123 1691 petitionem
1141 1607 1355 1673 Gallicorum

240 1682 348 1782 fflfm
406 1729 514 1793 usque
561 1709 605 1774 ad
657 1709 780 1772 festum
828 1711 940 1773 sancti
976 1695 1148 1774 Johaunis
1183 1710 1354 1791 Baptistae

405 1811 563 1892 proximo
582 1817 664 1873 tunc
687 1809 852 1886 futurum,
866 1817 907 1873 ut
923 1811 1034 1892 possit
1053 1809 1188 1873 interim
1210 1809 1252 1873 de
1270 1828 1355 1892 paea

406 1910 557 1974 tractari.
627 1910 673 1973 Et
707 1909 830 1973 redditi
861 1909 1002 1973 fuerunt
1034 1911 1163 1992 captivi
1202 1909 1282 1973 hinc
1322 1915 1356 1972 et

403 2010 496 2084 inde,
526 2011 591 2074 sub
618 2010 846 2074 conventione
871 2007 884 2042 a
890 2009 1011 2094 jurata
1029 2009 1194 2074 redeundi
1216 2011 1259 2074 ad
1284 2009 1355 2072 dic·

400 2118 478 2174 ,tum
520 2110 645 2174 festum
685 2111 797 2174 sancti
826 2108 1009 2186 Johannis,
1038 2111 1074 2172 in
1105 2129 1188 2173 casu
1218 2111 1252 2172 in
1286 2128 1355 2192 quo

405 2231 473 2274 non
498 2211 596 2275 fieret
618 2230 690 2293 pax
715 2210 839 2276 finalis.
890 2210 958 2274 Sed
982 2211 1031 2273 sic
1060 2211 1175 2274 soluta
1199 2209 1266 2275 fuit
1293 2211 1354 2274 ob·

406 2311 495 2375 sidio
535 2310 747 2394 supradicta,
775 2317 810 2374 et
841 2311 973 2374 nobiles
1003 2310 1045 2373 de
1074 2308 1216 2391 Anglia,
1249 2311 1357 2392 aliqui

405 2412 581 2475 redierunt
603 2410 638 2472 in
648 2408 822 2492 Angliam.
856 2411 1010 2474 Fuerunt
1026 2411 1116 2473 enim
1142 2411 1242 2473 multi
1263 2418 1355 2474 trac-

407 2518 502 2575 tatus
530 2511 638 2575 habiti
668 2530 772 2592 super
798 2517 922 2593 treuga
953 2511 1129 2593 praedicta,
1164 2511 1248 2593 quia
1280 2531 1357 2574 cum

407 2612 520 2676 dictus
536 2611 695 2674 dominus
712 2630 774 2673 rex
791 2608 929 2692 Angliae
952 2618 1143 2676 remaneret
1160 2611 1252 2693 apud
1270 2611 1358 2675 Tor·
1459 2611 1461 2615 ’
1492 2639 1493 2646 κ

408 2713 603 2776 niacensem
619 2711 655 2773 in
672 2710 850 2774 obsidione
873 2712 1049 2793 praedicta,
1071 2719 1106 2775 et
1120 2710 1302 2794 Philippus
1316 2712 1358 2776 de

408 2810 554 2894 ValoyS,
587 2830 664 2874 cum
703 2817 777 2874 toto
815 2812 969 2875 exercitu
1009 2830 1084 2888 suo,
1124 2811 1168 2874 ad
1209 2819 1358 2894 quatuor

408 2911 536 2987 leucas,
561 2911 669 2994 juxta
693 2932 783 2988 eum,
809 2913 985 2988 existeret,
1014 2913 1074 2976 sed
1108 2911 1151 2976 ad
1180 2932 1357 2976 removen-

409 3012 490 3076 dum
514 3011 723 3078 obsidionem
753 3012 916 3076 accedere
936 3032 1005 3076 non
1034 3013 1187 3088 auderet,
1215 3012 1275 3076 sed
1297 3033 1358 3095 per
1433 3095 1438 3103 Ι
1492 3005 1493 3016 ’

409 3131 523 3193 regem
556 3112 718 3189 Boemiae,
750 3113 809 3194 qui
841 3112 906 3176 suit
933 3131 1062 3189 secum,
1103 3133 1206 3195 super
1236 3121 1359 3195 treuga

401 3211 569 3287 ineunda,
588 3220 623 3276 et
648 3212 777 3287 oblata,
795 3213 915 3276 fierent
933 3212 1033 3276 multi
1060 3220 1240 3278 tractatus
1301 3214 1358 3277 Fi·

410 3312 547 3387 naliter,
563 3312 635 3376 dux
654 3313 989 3389 Brabantiae,eomes
1005 3313 1191 3390 Hauoniae,
1205 3314 1358 3379 marchio

410 3413 453 3476 de
480 3410 611 3489 Julers,
642 3419 677 3476 et
705 3431 819 3475 comes
854 3412 896 3476 de
923 3411 1040 3492 Gelre,
1067 3421 1103 3478 et
1133 3413 1191 3476 alii
1226 3413 1357 3478 confoe·

410 3513 521 3583 derati
548 3513 639 3593 regis
657 3511 808 3592 Angliae,
840 3521 1088 3577 consenserunt
1115 3514 1207 3596 quod
1235 3521 1360 3597 treuga

407 3612 567 3687 honesta,
589 3613 670 3678 licet
695 3613 839 3690 inutiliS,
856 3622 1058 3695 caperetur3
1098 3613 1243 3692 inutilis,
1271 3615 1358 3692 dico,

411 3714 483 3794 regi
498 3711 638 3794 Angliae
655 3720 690 3776 et
706 3713 789 3790 suis,
805 3734 873 3778 non
900 3714 1001 3777 dictis
1018 3713 1214 3792 comitibus,
1236 3716 1360 3798 quibus

411 3813 503 3876 villae
537 3820 571 3876 et
598 3821 712 3877 castra
737 3811 921 3878 ³restituta
935 3813 1085 3892 fuerunt,
1110 3834 1197 3897 quas
1225 3824 1261 3879 et
1282 3837 1360 3899 quae

411 3933 472 3976 rex
516 3913 672 3976 Franciae
716 3920 818 3977 antea
866 3915 994 3978 diutius
1033 3913 1243 3996 occupavit.⁴
1297 3916 1362 3981 Cui

446 4093 453 4123 ¹
472 4097 630 4162 ‘ceperunt'
652 4101 686 4161 by
706 4114 783 4162 error,
807 4102 873 4150 oott.
935 4099 944 4128 ⁴
965 4103 1116 4164 Gott.Nero,
1128 4103 1209 4166 D.x.‚
1220 4103 1280 4154 here
1293 4107 1362 4168 gives

413 4167 452 4216 ct.
465 4168 496 4218 E.
899 4171 941 4220 the
953 4173 1015 4220 surm
1027 4172 1055 4220 of
1062 4172 1105 4221 the
1116 4178 1196 4224 truce.
1225 4175 1251 4224 1t
1261 4191 1319 4239 may
1330 4177 1360 4226 be

444 4235 454 4264 ²
471 4240 478 4266 ‘
486 4239 585 4302 juratis
597 4241 656 4291 Cud.
670 4241 733 4302 Reg.
746 4241 780 4288 A.
794 4253 870 4290 xv111.
899 4257 958 4292 seen
970 4243 995 4291 in
1009 4243 1107 4306 Hymen,
1119 4259 1143 4294 v.
1155 4259 1182 4306 p.
1191 4249 1248 4296 205.

445 4304 455 4336 ³
470 4307 627 4374 ‘restitutae‚’
645 4313 711 4360 eost.
726 4312 764 4361 ct.
778 4311 809 4360 E.
