3020 5030
436 435 481 497 40
773 451 809 498 Α.
828 450 1045 500 numanus.

438 629 492 686 us,
518 628 581 692 pro
603 629 644 674 eo
672 608 764 693 quod
790 607 864 692 ipse
892 609 1029 692 scripsit
1056 608 1221 691 magistro
1248 605 1390 682 Joanni,

439 710 531 792 quod
559 710 634 792 ipse
660 718 862 793 procuraret
889 710 1018 774 dictum
1041 710 1279 792 episcopatum
1307 727 1389 772 con·

439 810 520 875 ferri
544 809 699 874 Roberto
723 808 942 888 de'Baldok,
969 810 1176 874 cancellario
1206 828 1294 882 sno;
1329 806 1390 871 sed

439 911 565 975 litterae
582 910 626 974 ad
642 911 773 974 curiam
790 911 892 974 nimis
907 910 1005 975 tarde
1019 916 1200 974 venerunt.

278 1028 397 1068 aenan
491 1010 572 1076 Hoc
594 1030 698 1088 anno,
722 1010 815 1075 circa
837 1010 954 1093 gulam
971 1010 1136 1092 Augusti,
1152 1014 1320 1074 venerunt
1345 1005 1388 1070 ad

278 1078 406 1119 summoned

277 1129 398 1178 syenae
440 1130 555 1194 regem
584 1110 735 1193 Angliac,
761 1110 854 1193 apud
877 1109 1119 1195 ¹Pekerynge‚
1151 1107 1267 1172 nuncii
1297 1107 1389 1188 regis
1494 1187 1495 1190 Ἴ

277 1180 408 1278 {mia
442 1210 598 1276 Franciae
614 1209 744 1288 Caroli,
759 1211 996 1276 vindemians
1014 1209 1169 1275 Beoviile
1184 1214 1219 1272 et
1230 1207 1390 1272 dominns

276 1280 426 1380 ihffuissiiifs
440 1310 599 1376 Andreas
615 1311 658 1376 de
674 1310 861 1386 Florentia,
884 1311 929 1375 ad
953 1311 1130 1376 citandum
1146 1307 1223 1390 ²[et
1250 1327 1390 1371 monen-

438 1411 538 1494 dum]
553 1430 644 1489 eum,
661 1411 753 1494 quod
770 1410 903 1475 veniret
923 1411 1013 1474 infra
1033 1418 1164 1475 certum
1188 1416 1324 1491 tempus
1346 1407 1390 1471 ad

440 1511 633 1577 faciendum
670 1512 868 1594 homagium
906 1529 1005 1575 suum
1039 1509 1106 1594 ipsi
1130 1509 1269 1585 carolo,
1298 1527 1390 1572 novo

440 1613 515 1694 regi
543 1612 713 1689 Francia,
737 1631 801 1694 pro
832 1611 961 1675 ducatu
993 1610 1214 1695 Aquitaniae;
1249 1616 1285 1673 et
1310 1608 1392 1671 licet

441 1711 489 1776 Η.
509 1711 741 1795 Dispensator
762 1711 853 1776 filius
881 1719 918 1776 et
940 1710 986 1775 R.
1002 1710 1046 1777 de
1066 1707 1223 1776 Baldock
1250 1727 1390 1790 procur·
1496 1729 1497 1758 1

441 1819 560 1876 assant
581 1812 725 1876 nuncios
745 1812 852 1895 ipsos,
870 1812 962 1895 quod
989 1812 1055 1894 ipsi
1082 1830 1150 1875 non
1173 1808 1392 1874 notificarent

441 1913 515 1994 regi
533 1911 627 1976 iilam
658 1931 798 1976 causam
824 1913 878 1975 sui
905 1912 1088 1987 adventus
1113 1911 1180 1993 ipsi
1209 1917 1325 1974 tamen
1355 1909 1392 1971 in

442 2009 598 2076 ³recessu
625 2032 689 2077 suo
712 2019 918 2077 monuerunt
943 2031 1021 2076 eum
1044 2010 1144 2094 quasi
1169 2008 1394 2085 consulendo,

442 2113 534 2195 quod
549 2113 624 2196 ipse
640 2113 784 2190 veniret,
801 2114 891 2177 sicut
912 2112 979 2176 suit
999 2111 1043 2176 iis
1066 2111 1258 2196 injunctum
1276 2105 1392 2191 ⁴quod

442 2213 594 2278 facerent
616 2219 651 2277 et
674 2220 871 2278 monerent:
895 2231 1086 2296 superque
1108 2210 1295 2275 monitione
1317 2209 1393 2273 sive

442 2314 607 2378 citatione
631 2313 744 2378 dictus
769 2313 928 2377 dominns
954 2312 1113 2378 Andreas
1137 2311 1180 2374 de
1203 2310 1393 2387 Florentia,
1498 2313 1499 2332 ³

442 2414 502 2495 qui
524 2412 590 2476 fuit
604 2413 772 2491 notarius,
788 2412 870 2477 fecit
883 2408 1080 2494 ⁵publicnm
1102 2412 1369 2476 instrumentum
1383 2430 1393 2489 ;

444 2513 572 2577 virtute
588 2513 688 2597 cujus
713 2533 775 2577 rex
796 2513 953 2577 Franciae
981 2513 1063 2577 fecit
1083 2529 1281 2595 processum
1310 2530 1393 2574 con-

443 2621 498 2674 tra
530 2632 659 2694 regem,
688 2619 724 2677 et
752 2621 864 2676 terras
899 2613 1027 2677 multas
1053 2612 1238 2678 Vaseoniae
1270 2603 1394 2687 saisiri,
1499 2633 1500 2672 3

443 2712 534 2776 sicut
549 2712 691 2776 iuferius
707 2713 898 2796 apparebit,
917 2721 952 2778 et
970 2720 1081 2777 totum
1098 2713 1134 2777 iu
1154 2730 1294 2795 poenam
1309 2730 1391 2774 con-

444 2813 606 2877 tumaciae
634 2813 725 2895 regis
747 2812 900 2896 Angliae,
928 2813 989 2896 qui
1011 2813 1217 2876 informatus
1242 2811 1307 2874 fuit
1331 2829 1394 2893 per

443 2911 553 2977 malos
574 2904 828 2978 ⁶consiliatores
846 2912 939 2997 quod
956 2913 1069 2998 ipsum
1092 2912 1238 2996 praefata
1260 2910 1393 2986 citatio,

443 3032 504 3076 seu
521 3013 676 3092 monitio,
694 3034 763 3079 non
781 3016 930 3080 artabat.

278 3134 421 3233 mmm
493 3113 575 3178 Hoc
597 3134 688 3179 auno
711 3116 803 3179 circa
825 3116 942 3198 gulam
962 3111 1116 3195 Augusti
1138 3111 1296 3176 dominus
1317 3111 1391 3176 Ro-

278 3236 387 3274 manum
441 3233 544 3295 genus
568 3213 611 3279 de
637 3214 885 3280 Mortuo-mari
909 3212 1079 3300 ³[junior]
1106 3213 1219 3276 evasit
1240 3212 1282 3275 de
1305 3213 1391 3276 turri

278 3285 405 3325 mm*
442 3313 645 3392 Londouiae,
663 3316 722 3378 ubi
744 3317 779 3378 in
798 3335 936 3378 carcere
952 3316 1154 3387 tenebatur;
1179 3321 1215 3376 et
1230 3313 1393 3377 transivit

441 3414 477 3477 in
494 3413 678 3477 Franciam
694 3435 756 3498 per
771 3415 953 3479 cautelam.

277 3535 429 3576 maenaa
492 3511 573 3577 Hoc
600 3534 693 3579 auno
717 3515 901 3598 episcopus
925 3513 1150 3578 Glascuensis
1176 3520 1213 3577 et
1238 3512 1393 3577 Thomas

277 3588 341 3625 aenda
349 3597 377 3625 an

277 3638 404 3726 ffi'm
442 3613 611 3690 Randulf,
639 3633 755 3678 comes
781 3614 964 3690 Moravim,
987 3615 1083 3678 missi
1110 3633 1172 3696 per
1198 3612 1390 3678 Robertum

476 3845 484 3875 ¹
501 3844 677 3911 ‘Pikeringe‚'
686 3845 826 3911 flattena
837 3851 905 3912 ‘Py-
967 3847 978 3878 ⁸
995 3845 1128 3913 ‘publice,’
1141 3851 1217 3912 Nero,
1228 3849 1263 3902 D.
1274 3862 1301 3899 x.

439 3915 562 3982 keringe,'
574 3919 641 3969 Har.
653 3923 727 3970 8886.
964 3917 975 3949 ⁶
991 3916 1180 3982 ‘consiliarios’
1192 3922 1268 3981 Nero,
1279 3919 1351 3970 D.x.

474 3985 486 4018 ²
502 3992 543 4039 ‘et
560 3990 725 4039 monendum'
741 4004 784 4039 are
801 3990 904 4040 omitted
964 3985 975 4024 ⁷
992 3992 999 4018 ‘
1004 3992 1101 4054 junior’
1111 3992 1134 4040 is
1144 3991 1207 4039 from
1225 3991 1302 4052 Nero,
1313 3991 1349 4040 D.
1357 4004 1383 4040 x.

439 4061 465 4109 in
479 4060 554 4122 Nero,
566 4059 601 4110 D.
614 4074 640 4111 x.
929 4061 972 4110 He
981 4062 1086 4111 affected
1097 4062 1137 4110 his
1147 4076 1248 4122 escape,
1259 4063 1394 4123 according

474 4127 485 4158 ³
501 4127 657 4193 ‘procesau,’
670 4131 745 4179 Card.
757 4145 800 4191 ap.
813 4131 884 4181 Hau,
928 4136 955 4181 to
966 4131 1070 4194 Higden
1084 4147 1126 4192 ap.
1140 4132 1277 4194 Knighton‚
1294 4133 1393 4180 ‘ensto-

475 4200 484 4229 ⁴
499 4202 509 4228 ⁴
517 4201 584 4263 quod
602 4202 712 4250 iacerem
731 4205 757 4249 et
767 4198 903 4252 monerent’
928 4201 1005 4251 dibus
1016 4203 1070 4250 suis
1081 4217 1126 4263 per
1136 4203 1260 4263 potionem
1278 4203 1394 4251 somnife-

439 4286 482 4321 nre
492 4272 596 4322 omitted
607 4273 633 4320 in
645 4273 721 4333 Nero,
733 4271 767 4321 D.
778 4285 804 4322 x.
928 4287 980 4322 ram
994 4274 1117 4334 soporatis
1127 4273 1143 4333 ;’
1161 4273 1195 4323 X.
1207 4270 1301 4333 Script.
1312 4276 1384 4323 2543.
