3020 5030
266 664 329 704 Pater
337 663 364 703 da

267 715 384 753 caventur

427 456 450 522 Β
767 474 803 520 Α.
821 428 1038 520 uuaruuru.

423 629 545 715 jurare
567 631 712 714 regnum
727 627 881 712 Angliae',
901 631 983 712 quia
1006 629 1101 695 dedit
1121 630 1249 696 malum
1267 632 1380 696 consi·

267 763 403 805 mulo,
427 731 513 796 lium
527 733 598 797 tilio
614 751 689 810 suo,
707 731 767 815 qui
781 731 895 814 ipsum
913 729 1058 795 Petrum
1069 732 1267 797 inordinata
1279 731 1381 796 affec·

268 1340 338 1380 Death
346 1337 372 1381 of

269 1391 359 1432 Edwmd
368 1393 386 1433 1.

417 832 523 902 ¹tione
539 832 674 898 dilexit.

429 1029 527 1096 pullu
557 1027 633 1076 REX
666 1025 888 1076 EDWARDUS·
941 1027 971 1072 P.
998 1026 1046 1074 Dll
1076 1025 1291 1075 GAVERSTON
1320 1027 1384 1075 RE·

480 1127 739 1177 GONGlLlATUR.
824 1125 990 1174 DOMlNUS
1027 1127 1075 1174 W.
1112 1127 1159 1174 DE
1200 1127 1382 1192 LANGTON,

481 1227 673 1276 uulscouus
700 1226 984 1288 GOVENTRENSIS,
1010 1225 1310 1275 lucnacuahuua.

484 1335 608 1403 'Auito
626 1337 770 1401 Dourru
797 1351 980 1412 M.ccc.v1.,
999 1335 1097 1416 regni
1112 1351 1195 1400 vero
1212 1334 1296 1400 dicti
1314 1334 1381 1398 Ed·

429 1438 538 1503 wardi
556 1453 691 1502 xxxrv.
711 1444 746 1502 et
763 1435 899 1524 ultimo,
916 1455 938 1498 a
957 1436 1046 1500 festo
1067 1436 1180 1523 sancti
1198 1434 1380 1499 Michaelis

429 1537 637 1621 incipiendo,
657 1536 816 1600 dominus
838 1555 900 1598 rex
924 1533 1062 1616 Angliae
1079 1555 1156 1600 cum
1177 1534 1249 1599 suis
1268 1554 1380 1600 acces-

429 1637 529 1703 sitad
543 1637 731 1704 marchiam
750 1635 876 1700 Scotiae
893 1657 902 1709 ;
921 1633 970 1698 ibi
983 1634 1183 1699 morabatur
1195 1655 1257 1718 per
1269 1641 1380 1699 totam

428 1739 575 1803 hiemem
597 1737 689 1820 apud
719 1733 942 1811 ‘Laurecost
970 1735 1028 1798 ubi
1050 1735 1086 1798 in
1112 1734 1202 1799 festo
1218 1731 1382 1799 Transla-

429 1839 535 1903 tionis
550 1838 662 1902 sancti
676 1836 817 1900 Thomas
835 1835 996 1918 martyris
1019 1836 1063 1898 ah
1077 1834 1142 1899 hac
1159 1835 1236 1900 luce
1252 1836 1380 1918 migra·

429 1939 491 2016 vit,
520 1957 612 2002 anno
642 1937 784 2002 Domini
820 1951 937 1999 rucco.
968 1935 1127 2018 septimo,
1159 1935 1274 2000 aetatis
1306 1954 1380 2000 sure

430 2053 551 2114 cxix,
569 2038 667 2119 regni
685 2054 765 2101 vero
782 2033 836 2101 sni
854 2052 976 2100 xxxv.

481 2137 552 2202 Hic
568 2135 759 2203 Edwardus
770 2136 837 2200 fuit
850 2142 1011 2200 strenuus
1028 2135 1063 2198 in
1081 2135 1185 2201 armis
1196 2155 1259 2221 per
1267 2143 1377 2201 totam

427 2238 535 2304 vitam
554 2257 665 2314 suam,
679 2239 715 2300 in
737 2234 831 2300 omni
854 2243 961 2314 statu,
978 2236 1068 2300 sicut
1083 2256 1128 2300 ex
1143 2237 1378 2318 superioribus

428 2338 599 2403 chronicis
622 2338 797 2418 colligitur
819 2336 1009 2413 evidenter,
1037 2335 1123 2400 adeo
1150 2336 1241 2419 quod
1268 2344 1377 2402 totam

428 2436 594 2520 Angliam
612 2436 654 2500 de
675 2455 780 2500 manu
805 2435 964 2518 Symonis
987 2433 1029 2499 de
1052 2434 1287 2514 Monte-forti,
1310 2437 1377 2519 [et]

428 2537 592 2601 comitum
609 2537 821 2600 etharonum
836 2535 945 2599 eidem
962 2535 1104 2620 Symoni
1119 2536 1379 2615 adhaerentium,

427 2638 489 2720 qui
500 2637 604 2702 etiam
623 2655 739 2718 regem
756 2634 948 2699 Henricum
966 2645 1100 2719 patrem
1113 2656 1213 2700 suum
1231 2644 1267 2700 et
1285 2637 1376 2720 seip-

424 2756 505 2800 sum
530 2738 642 2801 tenuit
667 2735 702 2798 in
725 2755 873 2813 carcere,
891 2736 1092 2819 adquisivit,
1113 2737 1204 2801 sicut
1219 2738 1378 2819 superius

428 2839 633 2903 continetur.
671 2835 760 2900 Item
789 2842 898 2900 totam
918 2835 1083 2900 Walliam
1100 2836 1143 2899 de
1157 2855 1264 2900 manu
1280 2837 1377 2902 Lew-

334 2947 337 2956 “
428 2937 509 3002 elini
535 2944 570 3002 et
593 2936 709 3001 David
736 2932 853 3000 fratris
875 2935 964 3016 ejuS,
980 2935 1063 3000 item
1085 2933 1309 3018 Aquitaniam
1334 2937 1377 3000 de

426 3054 533 3102 manu
552 3038 644 3120 regis
667 3035 835 3100 Frauciae.
882 3035 973 3100 Item
991 3036 1143 3101 Scotiam
1161 3036 1227 3100 sihi
1248 3038 1376 3119 saepius

426 3137 642 3221 subjugavit,
665 3137 756 3201 sicut
772 3135 951 3219 superiora
973 3143 1074 3218 gesta
1097 3143 1290 3211 testantur;
1317 3137 1377 3201 sed

426 3245 531 3320 capta
556 3237 675 3302 Scotia
701 3235 890 3318 proditiose
915 3255 977 3318 per
998 3235 1192 3300 Robertum
1216 3236 1248 3300 le
1271 3236 1375 3314 Brus,

424 3345 466 3401 at
494 3356 600 3419 supra
625 3335 784 3418 proximo
807 3335 961 3416 capitulo
985 3335 1195 3415 continetur,
1211 3336 1286 3419 ipse
1312 3337 1377 3400 ibi-

425 3436 516 3514 dem,
544 3444 584 3500 ut
606 3434 851 3519 praescribitur,
874 3434 964 3499 inter
987 3437 1177 3500 exercitum
1198 3455 1298 3500 suum
1318 3436 1376 3520 ja·

423 3555 505 3601 cens
531 3536 567 3599 in
593 3535 685 3599 lecto
711 3533 844 3610 mortis,
873 3531 936 3597 ³ex
953 3536 1240 3617 magnanimitate
1262 3535 1375 3599 cordis

424 3636 604 3700 mandavit
629 3641 668 3698 et
688 3632 797 3717 jussit
822 3630 966 3716 *corpus
998 3653 1100 3699 suum
1128 3635 1176 3700 ibi
1196 3655 1375 3700 remanere

420 3815 422 3820 ’
461 3803 568 3867 litere,
593 3806 730 3867 according
751 3810 777 3855 to
801 3807 885 3854 Muri·
911 3809 1203 3872 Burgh·on·the-Sands,
1230 3810 1316 3862 where
1343 3812 1375 3862 he

424 3872 517 3926 muth's
539 3875 650 3938 preiace,
675 3892 702 3938 p.
723 3879 747 3938 8,
767 3877 807 3926 his
827 3892 884 3926 own
910 3879 978 3929 died.
1014 3881 1084 3932 Triv.
1095 3880 1164 3931 Anu.
1175 3885 1233 3932 41³.

420 3946 523 3996 'Annals
542 3946 627 4008 begin.
664 3945 737 4007 Hall,
758 3946 885 4008 however,
945 3978 979 4010 ,ι

423 4031 455 4064 on
467 4017 509 4064 the
523 4015 651 4078 authority
662 4016 691 4064 os
698 4015 741 4064 the
758 4016 884 4079 Cardigan

423 4085 480 4135 MS.
495 4084 592 4146 prefers
614 4086 742 4148 deferring
757 4086 800 4135 the
817 4101 884 4136 com·
944 4080 955 4114 ⁴
973 4083 1017 4132 All
1028 4084 1070 4132 the
1086 4084 1162 4135 MSS.
1177 4091 1269 4147 except
1283 4086 1372 4146 Mugd.

420 4156 660 4205 mencementtcthe
671 4154 802 4218 following
812 4170 882 4217 year.
908 4153 968 4202 here
985 4155 1065 4203 insert
1085 4155 1149 4203 ‘ut'
1185 4155 1249 4204 Hali
1270 4154 1317 4204 has
1334 4170 1374 4203 re-

455 4221 467 4256 ¹
482 4225 539 4274 Our
549 4225 640 4275 author
649 4227 696 4275 has
707 4226 767 4274 herc
778 4227 883 4276 omitted
908 4223 994 4273 tained
1006 4225 1060 4272 itin
1070 4223 1111 4273 his
1121 4226 1237 4286 text,but
1247 4239 1372 4288 approves

419 4299 446 4344 to
464 4297 545 4345 notice
565 4293 702 4346 Edward'a
722 4297 834 4346 advance
856 4301 882 4346 to
907 4295 936 4344 of
944 4295 977 4343 its
987 4295 1063 4356 being
1073 4294 1186 4345 omitted.

986 3996 1118 4045 exmagna
1133 3979 1276 4046 gravitate,'
1285 3984 1375 4046 Mugd.
