3036 5032
487 502 747 564 eonvlnupvro.
1027 487 1093 554 195

139 655 239 741 cujus
259 659 365 728 duces
391 679 454 742 pro
480 661 604 745 majori
632 668 732 743 parte
754 667 855 724 erant
871 656 1090 743 Angligenee,

138 759 198 840 qni
215 768 314 824 motu
332 761 484 842 proprio,
502 767 538 824 et
554 761 653 842 quasi
671 780 756 842 gens
774 761 849 826 sine
864 761 990 842 capite,
1007 780 1090 842 par·

139 865 189 924 tes
217 859 377 926 Francia>
408 879 529 927 versus
561 858 772 924 Avinouiam
807 859 1021 936 invaserunt,
1054 869 1091 924 et

138 957 258 1024 villam
288 959 408 1024 Sancti
435 959 586 1043 Spiritus
616 967 799 1042 ceperunt;
834 960 935 1026 villas
953 968 988 1024 et
1015 979 1091 1026 cas-

138 1057 221 1122 tella
249 1057 285 1122 in
309 1058 458 1123 Francia
484 1059 613 1126 diutius
636 1061 864 1142 occupabant,
882 1080 945 1125 nec
975 1061 1089 1148 potuit

137 1176 195 1221 eos
226 1178 288 1224 rex
323 1158 483 1224 Franciae
509 1179 531 1225 a
558 1160 631 1224 suis
660 1159 786 1224 linibus
809 1160 984 1242 expellere
1016 1161 1089 1225 ullo

136 1257 252 1324 modo.
305 1258 408 1335 Item,
425 1260 517 1326 circa
546 1259 614 1324 ista
640 1266 797 1344 tempora
818 1261 997 1325 emanavit⁴
1019 1278 1227 1324 unamewra·

136 1356 314 1436 comitiva,
331 1367 458 1423 vocata
482 1358 577 1425 Alba
605 1357 792 1437 Comitiva,
816 1380 895 1442 quae
924 1360 1089 1424 transivit
1100 1332 1214 1382 cm*

137 1477 199 1540 per
217 1458 441 1524 Provinciam
466 1460 501 1523 in
519 1459 784 1538 Lumbardiam3
806 1467 842 1524 et
856 1460 962 1524 duces
985 1459 1088 1524 istius

134 1559 309 1624 comitivae
330 1565 430 1624 erant
447 1556 600 1640 Anglici,
618 1561 678 1642 qui
696 1559 882 1642 aliquando
909 1567 1008 1624 erant
1023 1560 1087 1623 sti-

136 1658 318 1740 pendiarii,
333 1659 520 1741 aliquando
537 1679 582 1723 ex
605 1661 744 1742 proprio
768 1661 882 1742 capite
899 1657 1088 1724 discurren-

135 1766 187 1822 tes
206 1767 414 1843 acceperunt
428 1759 697 1842 redemptionem
714 1760 757 1824 de
783 1759 928 1824 diversis
950 1758 1088 1838 castris,

135 1859 349 1936 civitatibus,
366 1867 472 1942 atque
489 1859 581 1923 villis
594 1880 603 1939 3
623 1879 664 1924 ac
677 1861 729 1924 sic
743 1859 869 1923 ibidem
879 1860 984 1940 longo
1000 1866 1086 1924 tem·

134 1978 219 2040 pore
237 1959 482 2042 perdurabant.

187 2058 265 2123 Isto
301 2078 393 2124 anno
423 2059 627 2134 Edwardus,
657 2059 817 2142 princeps
843 2057 995 2136 Walliae,
1025 2057 1086 2122 de·
1099 2078 1186 2138 aare

134 2159 320 2240 sponsavit
337 2159 548 2225 comitissam
565 2157 710 2237 (lantiae,
733 2157 888 2222 relictam
912 2158 1086 2241 quondam
1098 2127 1220 2177 mmm*

134 2258 265 2322 domini
286 2258 430 2324 Thomas
455 2259 655 2336 Holandiae,
682 2278 761 2341 quae
784 2257 865 2323 olim
894 2258 1008 2322 fuerat
1032 2277 1089 2337 se·

134 2368 260 2441 parata
288 2379 310 2423 a
335 2359 460 2424 comite
488 2359 624 2436 Sarum,
646 2377 752 2424 causa
778 2358 898 2423 militis
919 2357 1088 2442 praedicti.

136 2457 229 2524 Item
250 2459 316 2524 hoc
338 2477 429 2524 anno
447 2459 514 2524 fuit
540 2478 667 2541 magua
681 2457 875 2524 mortalitas
899 2458 1089 2537 hominum,

134 2579 214 2641 quae
231 2560 430 2643 pestilentia
454 2559 569 2642 potius
586 2560 680 2624 viros
697 2577 802 2642 quam
824 2559 984 2624 mulieres
1007 2579 1089 2624 con-

135 2657 582 2742 sumpsit31quadecausa
598 2659 757 2724 obierunt
768 2659 802 2722 in
822 2657 951 2741 Anglia
968 2660 1090 2742 inclyti

135 2766 170 2823 et
196 2760 340 2837 nobiles,
360 2759 565 2842 praelatique
599 2760 821 2824 ecelesiarum
852 2760 1089 2842 quamplures,

135 2866 208 2924 tam
225 2859 432 2924 secularium
451 2879 555 2941 quam
579 2860 802 2941 regularium.
855 2858 1090 2923 Decesserunt

135 2980 287 3043 namque
313 2959 537 3024 ecclesiarum
563 2959 700 3042 praelati
723 2958 939 3039 Reginaldus
954 2957 1086 3040 Wygo-

134 3080 226 3138 rum,
260 3059 413 3124 Michael
449 3059 713 3137 Londoniensis,
742 3058 894 3122 Thomas
936 3057 1086 3120 Eliensis

135 3159 289 3243 episcopi
303 3180 312 3240 ;
341 3160 465 3242 quibus
483 3165 733 3234 successerunt,
749 3157 947 3241 provisione
962 3157 1090 3220 domini

135 3280 250 3344 papae,
268 3261 433 3341 magister
458 3258 614 3323 Joaunes
641 3259 684 3322 de
709 3256 860 3322 ²Baruet
888 3257 931 3322 ad
959 3257 1091 3342 Wygo-

135 3381 224 3437 rum,
251 3360 381 3443 Symon
412 3357 605 3441 Langham,
638 3359 746 3423 abbas
775 3342 1091 3430 westmonasterii,

137 3462 180 3525 ad
209 3460 394 3536 Eliensem,
426 3466 462 3522 et
494 3459 660 3542 magister
687 3458 817 3542 Symon
844 3457 1005 3541 Sudbury
1030 3456 1092 3521 ³ad

136 3561 389 3626 Londinensem
415 3559 590 3624 ecclesias.
655 3558 802 3623 Nobiles
829 3579 911 3624 vero
939 3559 1094 3623 decesse-

135 3669 216 3726 runt
234 3659 409 3724 Henrieus
428 3660 499 3722 dux
515 3658 742 3736 Laneastriee,
760 3658 977 3741 Reginaldus
1001 3658 1093 3723 Cob-

169 3885 258 3936 ¹Thie
275 3901 331 3936 vves
348 3887 392 3936 the
411 3887 504 3936 second
527 3874 617 3948 pesti·v
665 3883 676 3916 ³
703 3886 788 3934 Simon
810 3885 843 3934 de
862 3885 990 3947 Sudbury,
1009 3885 1097 3937 subse·

135 3957 307 4018 leucawhich
317 3957 401 4006 lasted
410 3957 475 4007 from
484 3958 528 4006 the
540 3957 615 4022 least
630 3956 735 4019 quently
762 3955 913 4016 arcbbishop
941 3954 970 4003 01
994 3954 1099 4004 Canter-

133 4029 163 4078 oi
178 4028 221 4076 the
239 4027 405 4090 Assumption
424 4027 540 4094 (August
552 4025 615 4092 15),
630 4029 705 4090 bury,
724 4040 778 4075 vves
800 4025 931 4076 bebeaded
952 4029 979 4074 at
996 4025 1099 4079 'lower-

136 4101 208 4161 lael,
219 4103 245 4147 to
256 4098 312 4146 that
329 4099 357 4147 01
372 4099 414 4150 the
430 4098 563 4148 Invention
580 4099 609 4147 01
631 4098 686 4159 hill,
697 4097 747 4146 and
764 4097 805 4146 his
821 4096 888 4150 head
904 4095 972 4146 fixed
986 4110 1017 4144 on
1035 4095 1100 4144 Lon-

133 4169 176 4218 the
194 4168 265 4230 Holy
280 4168 358 4218 Cross
377 4167 454 4235 (May
473 4165 510 4236 3),
530 4173 605 4219 1³62.
631 4168 791 4230 don-bridge,
817 4168 851 4228 by
879 4168 953 4215 order
979 4165 1008 4214 01
1031 4163 1101 4217 Jack

137 4239 176 4292 sir
187 4239 225 4290 l·l.
238 4239 354 4288 Nicolas'
366 4239 459 4290 (ihren.
472 4255 499 4302 p.
513 4242 569 4290 ³45.
632 4239 747 4288 Strawin
758 4238 797 4287 his
809 4238 974 4288 insurrectien
989 4237 1015 4284 in
1028 4239 1101 4286 1380.

171 4307 332 4373 '‘Barneess
343 4309 404 4360 MS.
631 4309 739 4369 Tharne,
750 4309 784 4359 X.
796 4308 888 4369 Script.
899 4311 973 4358 2157.
985 4311 1009 4356 9.
1082 4333 1083 4338 =

910 4397 958 4443 01
