3020 5030
506 470 728 521 canonicos.
1046 459 1091 523 49

132 627 218 696 bona
233 631 320 696 dicti
336 625 503 716 episcopi,
521 639 557 697 et
573 634 732 715 magistri
748 633 794 698 R.
815 632 858 698 de
876 634 1032 700 Baldock
1050 646 1086 703 et

132 733 291 810 aliorum,
317 753 405 816 quos
431 733 595 802 dixerunt
620 735 693 816 regi
722 734 908 799 adhaerere.
961 737 1008 802 Et
1033 738 1086 802 in-

133 840 266 897 trantes
282 833 405 898 turrim
424 833 699 899 Londoniensem
716 854 835 900 omnes
851 836 1086 904 incarceratos

133 933 337 1012 liberarunt,
349 941 385 999 et
400 935 451 1000 ita
464 934 605 1000 suerunt
621 955 741 1000 omnes
764 936 969 1002 incarcerati
984 941 1083 1022 quasi

131 1053 192 1115 per
214 1042 326 1099 totam
342 1034 507 1117 Angliam
524 1035 674 1113 liberati,
692 1043 727 1100 et
749 1055 867 1102 omnes
889 1039 1024 1104 banniti
1048 1048 1083 1104 et

132 1133 292 1216 ¹fugitivi
316 1136 467 1218 reversi;
494 1136 755 1202 Londonicnses
777 1154 858 1202 vero
883 1157 1002 1203 omnes
1025 1141 1084 1204 mi-

132 1236 262 1299 nistros
290 1236 381 1318 regis
410 1237 446 1300 in
474 1238 561 1300 turri
590 1237 780 1302 Londoniae
808 1248 1023 1317 amoverunt,
1050 1249 1086 1306 et

131 1355 242 1400 novos
259 1333 546 1401 lconstruxerunt
562 1339 627 1402 sub
640 1339 777 1402 nomine
790 1337 919 1403 domini
935 1339 958 1404 J
962 1343 1084 1406 oannis

132 1436 174 1500 de
191 1436 346 1514 Eltbam,
360 1437 422 1500 filii
440 1437 543 1520 regis,
562 1459 664 1522 quem
680 1439 858 1503 custodem
876 1440 1029 1506 civitatis
1046 1450 1084 1506 et

131 1534 256 1601 ⁸terrae
279 1537 524 1604 nominarunt:
551 1539 620 1622 ipsi
642 1546 758 1604 tamen
781 1540 909 1603 multas
932 1542 1083 1624 rapinae,

132 1645 167 1702 et
182 1637 270 1702 alias
286 1637 489 1703 insolentias
505 1639 619 1704 facere
632 1660 702 1704 non
719 1648 910 1705 cessarunt.
947 1641 1083 1724 Regina
1095 1661 1191 1751 puer,

130 1758 214 1802 vero
227 1739 270 1802 de
281 1737 479 1804 Glocestria
494 1735 674 1804 4transivit
690 1761 751 1824 per
765 1739 946 1825 Berlreley,
960 1743 1019 1806 ubi
1030 1764 1082 1809 re·
1094 1713 1202 1814 rffil

131 1839 247 1903 stituit
257 1846 422 1918 castrum,
433 1841 529 1922 prius
541 1860 563 1904 a
573 1840 713 1906 domino
724 1840 877 1923 Hugone
893 1842 1085 1925 Dispenser

131 1940 203 2003 filio
230 1940 420 2016 detentum,
443 1940 582 2005 domiuo
603 1940 748 2006 Thomae
770 1942 813 2006 de
835 1942 998 2026 Berkley,
1023 1946 1083 2027 qui

132 2041 199 2104 fuit
227 2039 326 2104 heres
353 2040 482 2105 domini
506 2040 669 2106 Mauricii
691 2042 734 2105 de
757 2040 908 2125 Berklcy
930 2042 1082 2109 defuncti

130 2160 253 2223 parurn
269 2149 350 2206 ante
365 2143 457 2224 apud
469 2140 691 2224 Waliugsord
708 2143 743 2205 in
756 2161 906 2220 carcere,
918 2162 996 2207 cum
1011 2164 1081 2208 om·

130 2243 233 2306 nibus
248 2242 475 2324 pertinentiis,
489 2249 524 2307 et
537 2244 639 2307 rebus
656 2243 840 2307 mobilibus
857 2242 902 2307 ad
916 2243 1080 2308 bonorem

130 2342 173 2406 de
190 2340 343 2425 Berkley
359 2343 611 2425 pertinentibus
628 2343 890 2427 quibuscunque
905 2369 915 2419 ;
943 2363 985 2408 ac
1003 2365 1080 2428 per·
1102 2399 1104 2404 .

131 2462 219 2524 gens
232 2438 403 2527 ⁵[regiua]
417 2443 638 2526 postmodum
651 2463 729 2508 cum
744 2445 899 2509 exercitu
911 2464 974 2510 suo
990 2446 1081 2510 obsi·
1094 2481 1131 2521 a,
1140 2482 1184 2532 1„.

133 2544 239 2608 uenat
260 2543 378 2607 vniam
401 2551 437 2608 et
461 2552 612 2609 castrum
629 2544 672 2608 ue
692 2545 881 2623 nestora,
904 2547 995 2628 quoa
1016 2532 1181 2624 tuirstatt?

133 2645 203 2709 cito
219 2643 390 2709 redditum
410 2643 539 2726 reginae
556 2651 592 2709 et
608 2643 678 2708 lilio
701 2664 777 2723 suo,
793 2665 863 2709 una
879 2666 957 2711 cunr
976 2646 1079 2713 villa:

125 2752 168 2809 'et
179 2744 216 2808 in
228 2745 381 2809 crastino
392 2745 562 2809 adventus
570 2744 691 2828 ipsius,
704 2735 766 2809 ⁶ad
778 2745 962 2812 clamorem
972 2747 1081 2830 vulgi,

134 2845 200 2910 fuit
222 2845 383 2910 dominus
401 2844 511 2928 Hugo
526 2845 719 2928 Dispenser
737 2852 839 2929 pater
858 2854 991 2912 tractus
1016 2848 1081 2913 ibi·
1094 2879 1140 2920 ῃ.
1148 2881 1206 2922 01⁶0„

132 2945 223 3023 dem,
245 2953 280 3011 et
306 2965 495 3029 suspensus
515 2952 618 3011 extra
637 2946 757 3010 villam
780 2966 885 3030 super
910 2931 1238 3022 commuuil'ffl'lf¹¹

133 3046 232 3111 furca
247 3047 431 3113 latronum.
465 3046 546 3111 Rex
558 3054 672 3112 autern
684 3067 820 3129 semper
830 3046 990 3112 latitabat
1004 3068 1082 3112 cum

167 3249 311 3316 ¹‘sugati,'
342 3253 417 3303 θανά.
447 3253 498 3303 and
520 3253 596 3316 Nero,
620 3251 916 3315 prosuomodulo,cum
933 3252 1048 3302 convitiis
1058 3256 1084 3301 et

135 3324 169 3374 D.
180 3337 206 3374 x.
621 3323 778 3372 contumeliis
806 3323 944 3372 intulerunt
970 3323 1084 3385 Hugoni,

166 3391 177 3422 ⁸
192 3393 412 3453 ‘constituerunt’
427 3395 503 3457 Nero,
512 3393 547 3443 D.
557 3407 584 3444 x.
620 3393 684 3442 adeo
701 3393 769 3454 quod
784 3393 914 3442 retroactis
929 3394 1083 3455 temporibus

166 3479 307 3530 ³‘mrrts’
336 3495 353 3530 a
384 3481 449 3544 good
473 3481 595 3544 reading.
620 3469 672 3512 tam
688 3463 804 3513 horridus
823 3478 908 3527 sonus,
924 3464 957 3513 de
973 3478 1084 3526 quocun·

134 3517 298 3614 Ner-alaris
588 3517 595 3542 '
621 3533 1084 3597 quesublimihomine,nonestaudi-

135 3711 209 3773 Μ’
221 3710 307 3817 D‘ff‘,
321 3795 326 3808 ,
622 3745 685 3793 bnrd
699 3745 728 3794 ol
741 3745 807 3794 their
818 3760 884 3795 arms
897 3745 1022 3807 reversed,
1033 3746 1084 3794 and

168 3795 178 3826 ⁵
194 3797 300 3859 “etima
318 3811 342 3844 ¹⁸
352 3793 416 3844 {¹⁰¹³
427 3793 494 3846 Hal·
506 3799 579 3846 ³⁸³⁶·
621 3815 664 3864 the
675 3815 767 3865 former
777 3816 828 3864 had
838 3831 855 3864 a
865 3831 949 3865 crown
957 3815 987 3864 ol
994 3816 1083 3865 nettles

141 3921 142 3924 η
168 3881 391 3932 “adclamorem
401 3882 596 3945 vulpennius
622 3899 654 3934 on
664 3885 705 3934 his
716 3886 796 3946 head3
812 3886 888 3935 while
904 3901 937 3934 on
947 3884 1013 3934 their
1028 3900 1084 3948 gar-

133 3959 174 4002 ton
185 3951 391 4016 givesagraphic
403 3956 509 4001 account
519 3953 548 4002 ol
554 3953 596 4002 the
621 3960 702 4005 ments
718 3971 785 4004 were
805 3956 922 4005 annohed
941 3956 1038 4017 scrolls,
1051 3965 1087 4005 ou'

134 4025 240 4086 popular
261 4023 376 4073 clamour
392 4023 476 4072 raised
498 4024 598 4086 against
622 4026 706 4075 which
716 4041 784 4075 were
794 4028 894 4076 written
911 4025 951 4074 six
962 4041 1047 4075 verses
1058 4025 1087 4076 ol

134 4094 343 4144 theuufortunate
355 4093 596 4156 HughDespenaer.
622 4096 663 4145 the
689 4098 776 4146 Pealm
805 4096 894 4148 ‘Quid
916 4096 1031 4158 gloriaris
1058 4098 1084 4144 in

135 4165 245 4214 ‘Omnes
262 4164 307 4226 qui
323 4168 528 4225 poterantcornu
545 4165 597 4213 sut·
622 4167 745 4216 melitiat'
771 4169 805 4216 X.
827 4156 919 4228 Script.
948 4170 1021 4229 2546,
1044 4171 1085 4226 59,

134 4235 200 4297 flare,
210 4236 251 4284 vel
265 4248 353 4284 vocem
372 4232 466 4283 butesii
477 4235 597 4297 emittere,
622 4241 647 4285 et
663 4253 722 4301 σιμ
741 4238 826 4287 where
844 4237 899 4286 also
919 4236 962 4285 tbe
979 4237 1086 4298 original

135 4319 177 4356 seu
187 4305 298 4371 aliquam
305 4304 491 4370 despectionem
498 4305 598 4367 interra,
623 4309 791 4372 arraignment
800 4324 858 4370 may
869 4309 901 4357 be
912 4321 979 4356 seen.

914 4400 934 4452 E
