3010 5030
514 489 735 539 onnomcom
1047 477 1089 542 87

138 647 313 711 solverunt
346 648 389 712 ed
418 648 661 730 gravissimum
691 669 779 714 onus
810 650 975 733 ipsorum,
1006 654 1088 735 quia

136 747 177 810 ad
192 748 337 831 duplum
353 748 641 832 quintae-decimae
658 750 753 833 prius
776 751 899 816 solutee
917 772 978 836 per
994 773 1065 818 eos,

183 846 290 926 Item,
314 849 379 913 hoc
419 869 511 915 anno
550 870 674 932 parum
706 857 788 915 ante
822 851 971 930 Pascha,
1009 853 1086 918 Ste-

135 948 282 1031 phanuS,
321 951 503 1033 episcopus
535 950 797 1029 Londoniensi8‚
821 953 866 1017 ab
906 953 971 1017 hec
1010 954 1087 1018 luce

135 1050 318 1130 migrarit3
357 1058 392 1114 ot
432 1051 524 1115 circa
556 1052 682 1116 festum
709 1052 924 1118 Inventionis
956 1062 1086 1120 sanctae

135 1149 255 1214 Crucis
302 1150 432 1215 electus
471 1151 537 1216 suit
576 1152 792 1218 concorditer
829 1153 1000 1218 Ricardus
1043 1155 1086 1220 de

135 1251 355 1333 Byntworth‚
383 1251 442 1334 qui
474 1253 566 1317 circa
599 1253 725 1318 festum
747 1253 970 1319 Ascensionis
993 1256 1085 1339 apud

135 1350 307 1416 Ottefford
351 1352 418 1416 fuit
442 1372 503 1436 per
529 1354 822 1437 archiepiscopum
850 1355 1085 1435 confirmatus,

134 1459 167 1515 et
196 1453 292 1518 circo
316 1451 441 1517 festum
467 1455 580 1519 sancti
605 1452 777 1519 Johannis
807 1455 898 1538 apud
915 1455 1085 1522 Lambcth

134 1571 193 1633 per
209 1551 462 1618 cicestrensem
478 1555 675 1638 episcopum
693 1554 935 1620 consecratus.¹

134 1790 261 1838 GALEAE
301 1791 406 1838 REGIS
445 1792 613 1840 FRANGIAE
652 1794 988 1844 SOUTHAMPTONIAM
1023 1797 1085 1845 DE-

184 1891 431 1941 PRAEDARUNT.
501 1894 588 1940 ITEM
612 1894 659 1940 DE
682 1895 853 1945 ADVENTU
878 1899 1004 1946 EORUM
1029 1899 1086 1945 SE·

185 1993 322 2040 CUNDO.

185 2153 296 2215 Anno
320 2151 462 2215 Donrnu
492 2170 789 2230 mcccxxxvrn„
816 2155 995 2220 Benedicti
1025 2176 1087 2239 pa·

135 2273 188 2337 poe
206 2251 400 2316 duodecimi
418 2261 555 2335 quarto,
571 2254 669 2336 regni
694 2255 786 2337 regis
804 2255 965 2320 Edwardi
995 2257 1087 2320 tertii

136 2375 156 2418 a
180 2359 372 2436 conquestu
396 2351 610 2431 duodecimo,
642 2356 755 2419 aetatis
780 2357 960 2422 scribentis
989 2376 1087 2421 sexa-

136 2455 268 2537 gesimo
283 2451 434 2537 quarto,2
451 2453 645 2538 incipiendo
666 2474 688 2517 a
703 2455 792 2520 festo
808 2458 919 2521 sancti
936 2457 1088 2521 Michae-

136 2555 191 2633 lis,
222 2553 334 2637 galeae
362 2554 454 2636 regis
478 2555 635 2620 Franciee
658 2563 822 2639 ceperunt
849 2558 1000 2641 quinque
1018 2577 1089 2623 ma-

132 2656 228 2740 jores
258 2673 366 2719 neves
396 2655 484 2738 regis
509 2654 659 2738 Angliae,
686 2663 818 2721 stantes
852 2659 889 2722 in
916 2667 1019 2741 portu
1047 2659 1089 2723 de

137 2757 271 2834 Scluse,
292 2756 363 2821 fere
390 2764 506 2821 tamen
531 2777 672 2835 vacuam,
698 2756 780 2820 dum
810 2767 927 2823 neutae
951 2759 1090 2824 fuerunt

136 2858 171 2921 in
195 2857 295 2935 villu,
317 2864 353 2920 et
386 2876 445 2922 ees
471 2856 514 2920 ud
543 2865 659 2940 partes
685 2857 910 2924 Normanniee
938 2861 1089 2942 perdux·

136 2965 250 3022 erunt.
304 2955 349 3021 Et
370 2956 426 3021 die
441 2957 552 3022 Lunae
567 2965 647 3041 post
664 2958 789 3022 festum
807 2960 919 3025 sancti
934 2959 1089 3024 Michae-
1102 2988 1183 3027 nnn

1117 3039 1179 3077 trater
1187 3037 1250 3087 plun-

137 3059 179 3123 lis
205 3065 378 3124 venerunt
408 3059 524 3122 subito
550 3059 802 3142 quinquaginta
832 3061 953 3142 galeae,
980 3049 1224 3144 plenaeiersoun.

1102 3143 1195 3189 ampton.

138 3159 336 3224 hominibus
353 3159 508 3236 ermetis,
526 3159 626 3242 quasi
648 3159 734 3223 hore
752 3179 853 3238 nonu,
875 3162 968 3244 apud
986 3162 1090 3227 Suth-

138 3268 295 3344 ampton,
324 3266 359 3344 et
389 3259 449 3324 illo
484 3259 539 3324 die
570 3261 689 3325 villam
723 3260 1019 3343 depraedaverunt,
1055 3271 1090 3326 et

137 3360 303 3444 quicquid
326 3365 486 3443 poterant
512 3360 556 3424 ad
574 3361 692 3443 galeas
710 3380 792 3425 suas
820 3369 856 3427 et
874 3383 981 3428 neves
1009 3383 1090 3427 suas

139 3469 344 3545 portarunt3
362 3467 397 3524 et
421 3479 483 3543 per
500 3467 608 3525 totam
631 3462 726 3524 illam
753 3470 889 3528 noctem
908 3463 944 3527 in
970 3464 1089 3529 eadem

139 3563 223 3626 villa
249 3568 462 3637 manserunt,
484 3560 614 3644 sugetis
649 3569 683 3625 et
712 3563 901 3629 intersectis
933 3566 1090 3629 omnibus

139 3664 198 3746 qui
224 3663 262 3725 in
281 3661 365 3728 villa
380 3661 541 3736 suerunt;
566 3670 601 3726 et
622 3663 658 3726 in
682 3664 847 3743 crastino,
863 3666 1091 3749 percipientes

139 3763 230 3846 quod
255 3783 293 3827 se
316 3763 430 3846 patrie
454 3764 693 3846 congregavit,
712 3773 904 3846 posuerunt
920 3767 1036 3848 ignem
1056 3766 1092 3829 in

179 4032 186 4062 ¹
199 4035 250 4082 ‘Et
266 4035 351 4083 statim
368 4033 456 4083 eodem
473 4033 515 4082 die
530 4035 608 4083 intro·
631 4034 673 4083 the
689 4035 786 4083 author.
824 4034 852 4082 Is
863 4034 884 4082 it
898 4050 964 4084 were
980 4042 1005 4086 to
1020 4053 1092 4087 mean

145 4107 244 4155 nizetus
257 4104 328 4167 apud
348 4108 461 4153 sanctum
479 4104 608 4156 Paulum!
633 4105 675 4154 the
693 4105 810 4166 ,author’s
833 4117 892 4166 ege,
911 4105 932 4154 it
953 4107 1039 4157 would
1061 4109 1092 4157 be

146 4177 229 4226 Anon.
242 4175 313 4225 nist.
326 4174 376 4224 Ed.
389 4175 437 4236 IL,
449 4191 474 4237 p.
486 4178 543 4225 tls.
634 4175 709 4238 proci
725 4175 780 4224 thet
798 4177 818 4224 it
836 4175 911 4223 could
930 4181 973 4225 not
992 4178 1022 4226 be
1041 4178 1095 4226 thet

636 4246 718 4294 Adam
737 4245 766 4294 of
779 4246 929 4307 Murimuth,
948 4261 976 4295 as
994 4261 1052 4309 may
1064 4250 1095 4296 be

178 4314 189 4343 ²
205 4317 271 4366 Thai
283 4317 314 4379 is,
326 4314 403 4365 nithe
414 4317 522 4379 copyist,
533 4321 576 4365 not
587 4315 615 4364 oi
637 4317 756 4379 gethered
769 4317 831 4366 from
848 4315 887 4364 his
899 4317 1008 4378 presace.
