3010 5030
492 501 711 550 chrronicon.
1012 487 1075 552 161

122 655 452 736 perendinationem‚
486 657 647 722 festinam
679 659 729 722 eis
758 657 854 722 dedit
881 660 1075 742 responsio·

121 775 211 834 nem,
227 764 263 822 et
284 757 459 822 licentiam
473 757 649 838 redeundi,
665 759 740 823 sine
754 757 886 823 effectu.

122 997 202 1045 DUX
237 997 450 1046 BRI'l'ANNIAE
483 1000 616 1047 EVADl'l'
644 999 683 1046 ΙΝ
719 1000 898 1049 ANuhlAn.
956 1002 1074 1052 OOMES

172 1097 329 1145 DERBYAE
366 1099 410 1144 ΕΤ
448 1099 525 1146 nnn
579 1100 655 1147 GUM
704 1099 848 1148 canum
887 1101 1073 1154 COMl'l'A'l'U

170 1197 475 1247 TRANSFRBTANT.
543 1199 701 1248 sncossus
723 1201 772 1270 llll
794 1200 986 1248 saravum*
1010 1205 1073 1251 00·

170 1297 337 1347 clnl'l'uu.
391 1299 534 1347 FRATER
558 1299 704 1347 REGINAE
728 1299 983 1350 DEMERGITUR.

172 1456 285 1522 Auno
305 1459 449 1523 Donum
471 1459 652 1524 millesimo
666 1458 906 1524 trecentesimo
924 1461 1073 1543 quadra-

122 1559 255 1640 gesimo
282 1559 416 1642 quinto,
444 1559 666 1642 pontificatus
695 1579 777 1624 vero
809 1560 940 1623 domini
972 1582 1073 1646 papae

122 1658 312 1724 Clementis
328 1659 421 1724 sexti
438 1679 531 1723 anno
555 1667 692 1743 quarto,
709 1667 745 1724 et
771 1659 867 1741 regni
896 1661 987 1742 regis
1004 1661 1072 1726 Ed·

122 1759 232 1823 wardi
250 1743 347 1846 tertii
366 1779 389 1824 a
410 1767 601 1842 conquestu
622 1760 876 1837 decimo-nono,
892 1760 965 1824 dux
995 1762 1074 1826 Bri·

121 1860 266 1937 tannim,
288 1861 348 1941 qui
372 1859 608 1924 fraudulenter
625 1880 686 1943 per
713 1858 911 1943 Philippum
935 1861 978 1926 de
1000 1861 1075 1928 Va·
1165 1943 1169 1952 Ι

119 1960 196 2043 loys
214 1959 280 2024 fuit
295 1959 456 2025 detentus
473 1961 718 2038 incarceratus,
732 1961 844 2025 evasit
857 1960 900 2024 de
913 1961 1073 2040 Francia,

121 2069 156 2124 et
183 2060 282 2124 venit
309 2060 346 2123 in
375 2059 537 2142 Angliam
563 2061 682 2124 statim
709 2068 791 2142 post
817 2058 964 2124 Pascha.
1027 2062 1074 2128 Et

122 2160 216 2228 circa
249 2159 339 2224 idem
383 2168 520 2243 tempus
559 2159 731 2224 ordinavit
769 2179 832 2225 rex
864 2161 1072 2225 escambium

118 2267 267 2325 monetae
298 2260 389 2342 apud
424 2259 634 2337 Londonias,
661 2259 754 2342 apud
778 2259 1016 2341 cantuariam,
1039 2269 1091 2326 et·

119 2361 212 2444 apud
231 2359 438 2439 Eboracum,
455 2360 498 2423 ad
514 2359 699 2424 utilitatem
717 2361 814 2443 regni
832 2361 887 2424 sui
903 2362 1076 2445 permaxi-

119 2481 221 2528 mam.

168 2561 274 2626 Circa
295 2560 421 2625 festum
438 2561 646 2626 Natiuitatis
670 2560 762 2625 beati
788 2559 812 2624 J
815 2560 959 2626 ohannis
977 2562 1070 2646 Bap·
1085 2583 1209 2626 ruem.

119 2663 226 2739 tistae,
250 2660 426 2726 Henricus
450 2681 565 2727 comes
588 2661 750 2744 Derbyae,
767 2669 803 2724 et
827 2681 942 2726 eomes
969 2661 1070 2727 Pem·
1084 2635 1235 2735 diffidis

119 2762 283 2838 brochiae,
310 2770 345 2825 et
370 2761 577 2843 Radulphus
600 2763 685 2825 baro
711 2760 753 2825 de
780 2760 943 2838 Stafford,
975 2763 1071 2830 Wal-
1084 2737 1171 2778 m

121 2869 216 2928 terus
243 2862 286 2925 de
318 2861 464 2946 Manny,
493 2867 529 2926 et
556 2860 734 2925 Johanues
764 2859 859 2944 Grey
886 2861 929 2926 de
958 2862 1071 2928 Code—
1127 2941 1129 2947 Ι

117 2983 214 3040 nore,
231 2981 311 3025 curn
333 2962 459 3042 grandi
487 2961 652 3025 comitatu
677 2968 887 3045 armatorum
909 2969 945 3026 et
961 2962 1072 3026 archi-

118 3084 231 3139 nrum,
247 3062 557 3126 transfretaverunt
566 3081 687 3126 versus
701 3060 929 3136 Vasconiam;
946 3063 1071 3145 quibus

117 3163 257 3239 ibidem,
281 3160 453 3226 mediante
470 3160 585 3244 gratia
612 3161 752 3235 Divina,
775 3179 938 3242 prospere
959 3162 1071 3245 appli-

118 3264 219 3340 catis,
244 3268 464 3326 attraxerunt
490 3262 556 3326 sibi
573 3261 747 3325 dominum
772 3259 815 3323 de
838 3260 873 3324 la
896 3261 1012 3340 Brete,
1036 3270 1072 3327 et
1110 3331 1112 3338 ,

117 3363 207 3430 alios
243 3361 399 3426 dominos
437 3362 530 3426 illius
579 3370 680 3427 terrae
717 3360 950 3444 quamplures
992 3383 1071 3428 cnm
1113 3387 1115 3392 ¹

116 3471 247 3528 caetero
279 3462 408 3546 populo
442 3461 693 3539 innumerabili,
734 3460 812 3525 illos
855 3461 977 3526 saltem
1011 3465 1071 3546 qui

117 3564 221 3628 fidem
239 3562 411 3627 debebant
431 3562 505 3644 regi
518 3560 680 3644 Angliee:
703 3561 775 3643 qui,
797 3560 974 3644 dispositis
996 3565 1071 3627 uni-

115 3664 229 3730 versis
246 3663 289 3726 ad
302 3682 461 3745 guerram
479 3662 692 3740 necessariis,
708 3661 1071 3744 procedebantcontra

114 3765 243 3830 Gallos
266 3781 344 3826 cum
360 3762 395 3824 vi
416 3769 563 3826 armata.
597 3761 733 3840 Quibus
757 3761 793 3824 in
815 3760 943 3824 eisdem
965 3763 1072 3845 parti-

112 3868 179 3931 bus
214 3882 283 3926 non
312 3881 456 3937 moram,
482 3862 543 3925 sed
573 3862 737 3937 laborem,
765 3860 980 3925 trahentibus
1007 3883 1069 3944 per

115 3984 224 4031 unum
257 3981 385 4027 annum
409 3969 444 4025 et
475 3961 635 4044 amplius,
658 3961 761 4024 talem
792 3961 896 4025 Deus
923 3961 1070 4026 contulit

112 4063 386 4149 expeditionem,
419 4069 459 4126 ut
488 4069 609 4126 contra
634 4061 789 4125 inimicos
820 4079 901 4124 suos
926 4060 1069 4126 Franci-

112 4183 227 4250 genas
250 4181 386 4245 semper
403 4162 660 4244 praevaluerunt
682 4162 717 4224 in
743 4160 919 4237 conflictu,
942 4162 1069 4227 multos

109 4263 315 4340 occidendo,
339 4262 560 4345 quamplures
592 4262 626 4325 in
650 4261 887 4342 captivitatem
918 4261 1071 4328 incarce-

891 4403 917 4447 M
