3010 5030
480 503 701 552 cunomcon.
1019 489 1062 552 77

159 661 242 725 Hoc
260 680 366 738 annu,
383 661 476 725 circa
498 661 625 726 festum
647 659 759 725 saneti
781 659 939 742 Martini,
954 661 1064 726 domi·

112 782 174 825 nus
187 762 384 826 Edwardus
398 761 430 826 le
447 763 549 826 Boun
567 762 634 826 suit
649 763 847 825 submersus
860 761 896 825 in
911 762 1064 827 marchia

113 862 253 939 Scotiae,
268 863 349 927 dum
368 863 479 927 voluit
494 863 641 928 liberare
656 862 873 927 domicellum
890 863 991 926 suum
1009 863 1065 927 su·

114 971 256 1044 gantam
272 963 424 1047 praedam
442 964 654 1040 animalium,
671 963 722 1027 ita
737 964 829 1046 quod
847 971 968 1028 neuter
982 983 1065 1029 eva-

115 1065 168 1129 sit.
229 1063 321 1128 Item
348 1064 412 1128 hoo
435 1085 526 1129 anno
551 1065 586 1127 in
611 1071 711 1128 nocte
734 1063 846 1128 sancti
865 1064 1215 1144 clementiarum

114 1184 175 1247 per
197 1165 339 1229 nimiam
362 1165 621 1229 inundationem
644 1165 749 1229 maris
773 1185 833 1246 per
852 1173 965 1229 totum
986 1185 1065 1248 reg·
1078 1134 1152 1224 31¹¹me
1162 1133 1213 1182 Μ

114 1285 196 1331 num
214 1263 355 1347 Angliae
372 1273 407 1330 et
424 1267 575 1330 maxime
592 1266 627 1328 in
641 1265 807 1342 Tamisia,
819 1264 958 1330 suerunt
973 1267 1067 1350 rupti

115 1367 206 1430 muri
227 1366 403 1444 maritimi,
419 1373 455 1430 et
473 1365 636 1429 animalia
655 1366 792 1430 infinita
809 1367 1006 1447 submersa;
1032 1374 1068 1431 et

117 1476 220 1552 terrae
249 1466 435 1531 fructiferae
463 1467 498 1530 iu
527 1467 737 1548 salsuginem
770 1473 852 1530 sunt
879 1486 1067 1544 conversae,

118 1567 206 1633 adeo
222 1569 317 1651 quod
339 1568 383 1632 ad
399 1567 611 1632 fertilitatem
629 1568 767 1632 solitam
782 1566 965 1649 permulta
980 1574 1067 1632 tem-

118 1688 206 1752 pora
222 1687 293 1738 non
306 1675 467 1751 speratur
483 1687 585 1751 posse
601 1669 723 1733 redire.

162 1768 257 1840 Item
278 1769 343 1834 hoc
364 1788 468 1846 auno,
486 1786 535 1834 tv,
554 1768 610 1834 die
626 1769 839 1846 Decembris
856 1768 942 1833 obiit
958 1769 982 1834 J
985 1788 1068 1834 oan-
1082 1787 1184 1827 neatnor

120 1889 183 1959 nes
200 1890 294 1953 papa
307 1869 445 1933 XXII.
464 1870 498 1933 in
517 1869 649 1952 palatio
673 1890 737 1934 suo
755 1869 963 1948 Avinioniae,
982 1877 1018 1934 at
1032 1870 1069 1935 iu
1082 1839 1202 1929 offlam

120 1971 270 2036 ecelesia
292 1971 403 2034 beatae
432 1970 568 2047 Mariae,
595 1972 704 2035 eidem
733 1971 864 2054 palatio
893 1973 1069 2054 contigua,

121 2078 173 2135 est
188 2071 370 2155 sepultus;
389 2071 511 2154 inqua
527 2072 602 2154 ipse
613 2071 679 2136 fuit
694 2073 877 2155 episcopus
897 2080 977 2137 ante
993 2091 1067 2136 car·

122 2171 298 2236 dinalatus
332 2169 523 2236 honoram.¹
575 2172 725 2238 Vaoavit
752 2172 852 2236 sedes
880 2171 1071 2254 apostolica

123 2273 247 2337 diebus
275 2289 355 2346 xva
380 2273 463 2355 quia
484 2272 649 2337 vicesimo
674 2273 729 2336 die
753 2273 828 2357 ejus
851 2273 975 2338 mensis
999 2272 1070 2338 De-

124 2372 273 2438 cembris
299 2372 364 2438 suit
394 2373 524 2438 electus
555 2372 592 2436 in
625 2393 752 2456 papam
777 2374 885 2437 irater
905 2373 929 2438 J
932 2375 1073 2448 ambus
1124 2386 1126 2390 ·

125 2472 220 2538 tituli
247 2480 377 2538 sanctae
407 2472 537 2560 Priscae
571 2475 752 2558 presbyter
777 2474 981 2550 cardinalis;
1014 2475 1075 2558 qui

125 2575 190 2640 fuit
214 2573 403 2642 monachus
426 2573 554 2637 ordinis
577 2574 827 2652 cisterciensis,
850 2581 886 2660 et
911 2576 1077 2658 magister

126 2677 160 2739 iu
186 2675 377 2756 theologia,
400 2674 442 2739 de
464 2675 631 2740 comitatu
656 2675 809 2739 Fuxensi
827 2673 935 2758 juxta
959 2685 1076 2758 partes
1089 2694 1217 2736 Eleetlonof

127 2775 349 2840 Tholosanas
383 2774 560 2852 oriundus,
594 2772 665 2858 ²[et
691 2783 836 2840 vocatus
868 2777 1076 2843 Benedictus
1089 2745 1193 2838 {iiim

129 2874 388 2964 duodecimum]
421 2884 455 2940 et
472 2875 527 2961 die
545 2876 730 2941 Dominica
744 2884 825 2959 post
845 2876 1076 2959 Epiphaniam

129 2984 212 3041 tunc
228 2985 393 3060 sequente
416 2975 482 3040 luit
506 2984 690 3041 coronatus
708 2977 800 3060 apud
819 2977 960 3042 Fratres
980 2978 1077 3043 Pras·

130 3079 303 3143 dicatores
321 3076 529 3142 Arinioniae.

180 3177 474 3262 Archiepisoopus
492 3176 753 3243 Cautuariensis
768 3177 870 3242 rediit
887 3178 979 3242 circa
995 3176 1079 3261 Epi-

126 3280 308 3363 phaniam,
323 3286 358 3342 et
376 3278 495 3343 statim
511 3277 892 3362 postPurificationem,
909 3276 1008 3342 ³suas
1022 3299 1078 3342 ec-

132 3381 286 3457 clesiam,
317 3379 506 3455 civitatem,
530 3385 565 3442 et
588 3379 771 3442 dioecesem
795 3377 1079 3443 Cantuariensem

134 3480 303 3550 visitavit.
350 3480 395 3544 Et
413 3479 483 3543 cito
502 3486 582 3562 post
596 3477 826 3561 Epiphaniam
842 3500 905 3543 rex
925 3480 1081 3544 Franciae
1093 3501 1246 3542 amararum

134 3582 230 3646 misit
261 3580 404 3645 nuncios
433 3580 507 3661 regi
537 3577 690 3662 Angliae,
720 3579 854 3644 scilicet
882 3581 1080 3663 episcopum
1094 3552 1237 3641 3333?oe

132 3681 372 3746 ⁴Abrieensem
387 3686 421 3744 et
432 3679 603 3763 quendam
621 3681 795 3757 baronem,
809 3700 872 3763 pro
887 3700 973 3763 pace
985 3680 1083 3746 Scot·
1095 3651 1219 3742 i¹⁹⁸df⁰¹⁸

1107 3713 1156 3741 ruee
1165 3704 1217 3743 with

1101 3754 1206 3793 scotland.

171 3856 177 3882 ¹
197 3825 324 3915 Amongst
334 3851 405 3900 other
420 3849 546 3900 excellent
561 3865 598 3899 re·
626 3850 697 3912 Hau,
716 3850 801 3901 which
820 3850 880 3900 here
897 3851 1086 3914 unfortunately

135 3926 273 3987 galations,
283 3922 353 3973 John
365 3921 455 3970 XXII.
467 3921 475 3948 ‘
485 3919 599 3982 discipli·
624 3921 695 3971 ends.

135 4010 192 4044 nam
209 3994 318 4056 triplicis
334 3993 440 4054 linguae,
453 3990 599 4053 Hebraicae,
660 3988 779 4052 ³‘suas‚'
800 3992 866 4040 Gott.
891 3992 930 4040 cl.
955 3991 997 4053 E„
1020 3991 1086 4044 Har.

137 4065 248 4128 Graeeae,
255 4069 282 4114 et
288 4064 397 4123 Latina,
411 4060 481 4123 apud
495 4075 598 4123 genera-
626 4065 699 4122 3836,
708 4062 758 4112 and
767 4062 871 4124 Repu.
881 4074 957 4111 xvrn.
979 4061 1087 4127 ‘Suara’

136 4137 173 4185 lia
184 4135 270 4219 studia
280 4127 407 4215 instituit!
439 4131 597 4194 Higdenap.
627 4128 758 4231 Ηιῖὶῐῖεεάἑ
825 4201 830 4212 Ι
960 4201 968 4224 ,

138 4205 599 4327 “stt-attestatius
626 4218 745 4335 molt
766 4202 1092 4334 limitanda

138 4347 251 4397 decimus
261 4343 268 4366 ’
280 4361 324 4396 are
336 4344 421 4394 added
432 4344 459 4391 iu
472 4343 548 4393 Curd.
557 4358 598 4405 ap.
625 4343 740 4394 ranehes.
