3036 5032
430 464 495 532 176
760 482 796 529 A.
821 479 1035 530 murmura.

431 640 510 704 dem
520 639 629 723 jussit
646 640 812 723 reparari.
868 638 1010 705 Interim
1036 654 1151 702 comes
1170 632 1385 713 Nor-thamp-

431 740 547 818 toniae,
565 739 692 804 flumen
714 740 885 822 Sequanae
902 737 1087 815 transiens,
1104 735 1314 819 quingentos
1337 751 1385 797 ex

431 839 509 917 illis,
535 841 595 922 qui
621 841 777 922 pontium
801 839 1055 923 reparationem
1085 834 1250 918 impedire
1275 851 1385 896 cona-

431 941 569 1018 bantur,
587 940 723 1006 occidit.
971 927 975 934 ’

477 1135 587 1202 Anno
605 1138 748 1202 Dournr
771 1153 1008 1215 u.ccc.xnv1.,
1026 1142 1061 1200 et
1078 1135 1171 1216 regis
1188 1131 1382 1214 Anglorum

353 1273 356 1277 ·
435 1237 597 1304 Edwardi
613 1239 706 1302 tertii
731 1255 813 1316 xx,
831 1238 921 1302 idem
937 1258 1000 1302 rex
1016 1232 1402 1302 Edwardusxv1.die.

434 1335 600 1420 Augusti,
629 1338 825 1421 Sequanam
849 1338 977 1402 flumen
1006 1335 1238 1421 petransiens‚
1262 1351 1386 1397 versus

435 1437 564 1521 Crescy
580 1438 648 1504 iter
677 1438 835 1522 arripuit.
890 1438 1058 1514 Patriam,
1088 1435 1283 1516 ubicunque
1310 1453 1387 1516 per·

434 1538 537 1614 rexit,
564 1538 785 1603 circumcirca
812 1539 1011 1611 destruxit3
1048 1535 1179 1599 incolas
1204 1534 1297 1597 illins
1325 1532 1386 1596 de-

435 1637 605 1722 praedavit
622 1647 657 1703 et
680 1639 884 1721 captivavit.
937 1636 1076 1721 Aquam
1095 1635 1138 1698 de
1156 1634 1307 1710 Summe,
1325 1633 1386 1696 ubi

435 1744 540 1803 antea
561 1757 732 1822 nusquam
757 1739 824 1803 fuit
851 1739 1032 1815 transitus,
1048 1735 1180 1800 illaesus
1202 1754 1280 1799 cum
1308 1740 1385 1797 toto

435 1857 500 1910 suo
516 1839 671 1904 exercitu
686 1839 930 1922 pertransivit;
956 1837 1139 1903 transitum
1156 1834 1385 1917 impedientes

436 1938 481 2002 ad
509 1938 578 2004 duo
605 1938 715 2004 millia
736 1938 919 2003 interfecit.
976 1937 1120 2001 Interim
1147 1933 1306 1999 dominus
1341 1934 1385 1998 de

437 2037 589 2120 Spencer
605 2039 722 2104 villam
750 2022 800 2102 de
816 2039 964 2122 Croteye
989 2037 1135 2102 viriliter
1155 2033 1260 2117 cepit,
1274 2032 1386 2117 quad·

435 2138 605 2221 ringentis
644 2140 728 2204 viris
775 2158 948 2204 armorum
986 2138 1029 2200 de
1069 2135 1295 2216 Francigenis
1332 2135 1387 2197 in-

273 2263 376 2304 eman
436 2239 626 2322 teremptis.
682 2239 840 2315 Demum,
878 2255 985 2303 xxvi.
1028 2236 1084 2302 die
1116 2233 1279 2317 Augusti,
1320 2253 1386 2298 rex

272 2315 355 2364 Μ’·
437 2338 641 2417 Edwardus,
675 2340 766 2422 apud
802 2338 929 2422 Crescy
963 2339 998 2401 in
1034 2335 1207 2413 Picardla,
1248 2333 1386 2416 Philip-

436 2459 531 2522 pum,
563 2457 679 2522 regem
722 2439 948 2517 Francorum,
990 2438 1140 2520 gloriose
1181 2434 1309 2499 devicit
1352 2442 1388 2499 et

434 2539 581 2622 fugarit.
644 2540 743 2604 Duos
792 2559 904 2622 reges,
948 2539 1081 2603 scilicet
1132 2535 1309 2600 Bobemiae
1349 2543 1386 2600 et

434 2637 713 2724 ¹Majoricarum,
746 2638 866 2703 ducem
908 2637 1158 2720 Lothoringiee,
1188 2636 1276 2699 duos
1310 2636 1386 2717 epi·

434 2758 574 2821 scopos,
609 2746 687 2803 octo
716 2739 871 2818 comites,
901 2738 1086 2822 pluresque
1125 2735 1212 2801 alios
1238 2735 1385 2812 nobileS,

434 2839 503 2904 duo
535 2838 643 2904 millia
683 2839 842 2916 militum,
885 2858 926 2904 ac
958 2839 1084 2920 vulgus
1132 2834 1385 2923 innumerabile

434 2939 470 3002 in
503 2939 565 3004 illo
602 2937 764 3003 conflictu
806 2940 971 3022 peremit;
1012 2936 1202 3020 ²reliquam
1247 2935 1384 3018 plebem

433 3038 553 3120 sugere
575 3040 741 3122 compulit
759 3039 801 3102 ad
819 3039 957 3104 diversa
972 3038 1062 3117 loca,
1081 3037 1233 3102 timidam
1253 3042 1288 3100 et
1305 3055 1385 3099 con·

336 3151 338 3154 ’
433 3138 556 3203 susam.
590 3138 771 3222 Philippus
781 3159 865 3203 vero
879 3160 941 3203 rex
956 3139 1168 3202 Francorum
1183 3136 1296 3199 inisto
1309 3155 1384 3200 cer·

434 3239 576 3316 tamine,
594 3246 635 3304 ut
653 3239 745 3304 fama
756 3239 909 3321 vulgaris
927 3258 990 3321 pro
1008 3245 1090 3302 tunc
1107 3257 1144 3300 se
1160 3236 1293 3312 babuit,
1309 3241 1386 3300 erat

434 3337 469 3405 in
496 3345 638 3419 gutture
661 3348 696 3404 et
718 3338 846 3403 femore
861 3335 1093 3415 vulne1·atus,³
1116 3356 1156 3400 ac
1182 3356 1244 3419 per
1265 3355 1384 3418 regem

433 3435 571 3520 Angliae
599 3439 650 3504 bis
667 3438 925 3518 decaballatus3
961 3446 1084 3521 captus
1110 3436 1235 3501 ibidem
1263 3455 1387 3500 revera

433 3537 566 3615 fuisset,
593 3538 659 3601 nisi
676 3538 760 3619 fuga
782 3537 879 3624 [sibi]
904 3538 1145 3602 consuluisset.
1188 3536 1269 3600 Rex
1292 3537 1385 3599 enim

470 3703 477 3732 ¹
494 3705 591 3768 dames,
602 3705 665 3767 king
676 3705 704 3754 oi
709 3703 839 3768 ‘Majorca
855 3721 896 3754 ac·
920 3710 963 3754 not
984 3707 1093 3754 mention
1111 3706 1139 3767 it,
1158 3705 1206 3752 and
1226 3705 1315 3754 Jamas
1331 3721 1387 3754 cer·

433 3776 581 3837 companied
596 3775 639 3823 the
657 3776 753 3824 Freuch
773 3776 836 3838 king
851 3781 895 3825 out
919 3777 999 3837 tainly
1010 3775 1055 3824 did
1066 3779 1109 3823 not
1120 3776 1162 3824 die
1174 3775 1214 3822 till
1225 3775 1294 3824 three
1310 3791 1386 3837 years

434 3844 509 3894 nithe
517 3845 589 3904 field,
601 3845 800 3904 seeMurimuth,
808 3861 895 3908 supra,
919 3845 983 3894 aster
994 3845 1036 3894 the
1047 3845 1124 3894 battle
1136 3844 1165 3893 ol
1173 3844 1275 3906 Oressy.

434 3930 460 3976 p.
471 3919 527 3964 167.
564 3915 703 3977 Knighton,
720 3931 746 3976 p.
766 3919 840 3978 2588,
858 3917 894 3964 in·
953 3912 1104 3976 'Compare
1125 3915 1175 3964 this
1194 3915 1257 3963 with
1276 3915 1319 3964 the
1341 3931 1388 3978 ap·

433 3985 522 4033 eludes
548 3984 600 4033 him
635 3999 726 4049 among
760 3987 802 4034 the
830 3987 895 4034 slain
919 3986 1035 4046 parently
1062 3989 1158 4033 correct
1185 3985 1228 4034 list
1252 3986 1327 4046 given
1350 3987 1387 4048 by

433 4055 514 4103 under
525 4055 567 4104 the
578 4055 633 4104 title
641 4055 669 4103 of
674 4056 682 4082 ‘
690 4071 735 4105 rex
742 4055 895 4117 Malogriae,'
920 4055 1071 4117 Murimuth,
1083 4069 1169 4116 supra,
1180 4070 1207 4115 p.
1217 4058 1274 4104 168.

432 4124 517 4173 which
525 4139 583 4186 may
595 4125 658 4174 have
670 4126 744 4188 given
755 4127 805 4174 rise
817 4130 842 4173 to
852 4125 917 4174 the'
955 4121 965 4150 ³
992 4125 1123 4186 Knighton
1150 4139 1219 4186 says,
1251 4125 1306 4173 that
1341 4126 1386 4175 the

433 4199 518 4255 report
536 4195 591 4243 that
615 4195 646 4244 he
666 4210 721 4244 was
743 4197 834 4257 among
853 4195 895 4244 the
921 4194 1018 4243 Freneh
1030 4195 1093 4256 king
1103 4209 1158 4246 was
1170 4194 1330 4244 woundedin
1342 4196 1387 4246 the

432 4265 507 4314 slain.
541 4264 596 4313 The
607 4265 716 4326 prudent
727 4266 824 4314 Fabian
834 4265 895 4315 does
920 4264 1251 4329 farebyanarrow‚2588.
