3010 5030
508 472 729 523 cenomcon.
1027 459 1090 526 119

186 625 255 688 ‘Et
272 625 306 689 id
324 623 435 712 (quod
453 624 596 711 dicitnr)
613 647 687 705 nos,
702 629 776 691 sine
790 629 878 692 scitu
894 638 927 694 et
947 649 1088 694 assensu

138 733 262 802 vestro,
279 745 358 790 cum
387 726 531 808 praefato
553 726 715 815 Philippo
739 734 879 812 treugas
904 737 939 794 et
960 736 1088 804 tracta·

138 834 210 890 tum
234 827 331 909 pacis
351 827 502 904 inivisse,
521 848 590 892 non
608 828 737 906 debuit,
759 829 982 895 consideratis
1007 831 1089 900 facti

138 927 419 1007 circumstantiis,
444 929 696 992 rationabiliter
714 948 777 993 vos
800 930 973 1011 movisse}
994 933 1088 1014 quia,

134 1026 215 1090 dum
237 1027 476 1093 obsidebamns
501 1029 678 1094 civitatem
707 1029 971 1109 Tornacensem,
987 1051 1087 1114 opor-

135 1128 203 1192 tuit
217 1146 282 1190 nos
294 1147 413 1192 eorum
422 1129 521 1211 sequi
537 1129 691 1206 consilia,
705 1130 764 1212 qui
775 1131 875 1196 nobis
891 1132 1088 1208 comitivam

134 1235 168 1292 et
201 1227 371 1295 auxilium
402 1235 484 1294 tuno
514 1229 678 1306 fecerunt,
706 1236 741 1293 et
768 1231 948 1299 imminens
973 1233 1088 1303 subito

132 1328 334 1407 necessitas,
359 1347 399 1393 ac
425 1329 580 1396 locorum
607 1329 783 1406 distantia,
805 1339 955 1398 vestram
985 1352 1089 1414 super

131 1428 196 1492 hoc
215 1429 394 1495 consulere
416 1429 653 1496 celsitudinem
676 1431 815 1501 minime
835 1434 1063 1516 permiserunt
1074 1460 1084 1513 3

134 1529 240 1593 immo
255 1531 354 1594 nobis
371 1529 459 1595 alias
476 1531 693 1608 concessistis
711 1532 814 1614 quod,
829 1552 905 1598 cum
921 1544 1086 1615 opportu-

132 1631 226 1718 nitas
255 1630 433 1708 arrideret,
461 1637 610 1696 tractare
637 1651 814 1714 possemus
837 1632 879 1696 de
902 1652 999 1714 pace,
1026 1651 1086 1697 vo-

133 1731 185 1796 bis
209 1730 427 1809 inconsultis,
450 1732 500 1797 ita
523 1732 672 1812 [tameo]
699 1732 804 1814 quod,
824 1733 896 1808 sine
918 1752 1087 1812 ,consensu

132 1837 259 1906 vestro,
277 1850 397 1912 pacem
421 1831 558 1906 finalem
584 1851 661 1910 cum
681 1832 774 1897 dicto
792 1832 954 1916 Philippo
978 1833 1087 1920 nulla-

133 1937 235 1994 tenus
246 1930 458 2008 faceremus;
486 1951 591 2014 quam
609 1952 783 2016 nunquam
799 1935 910 2000 ferere
923 1953 1086 2016 propone-

130 2050 257 2109 remus,
286 2033 486 2115 priusquam
512 2037 666 2099 vestrum
690 2053 793 2115 snper
819 2034 885 2098 hoc
911 2034 1086 2102 habuisse·

132 2151 208 2196 mus
225 2132 409 2213 providum
426 2132 658 2200 consiliumet
674 2153 863 2204 assensum.

175 2232 267 2296 ‘Sed
286 2251 421 2314 semper
433 2233 469 2304 iu
481 2233 572 2297 votis
590 2234 758 2316 gessimus
770 2236 867 2299 vobis
881 2234 918 2310 in
928 2235 1086 2312 omnibus

132 2333 245 2396 lacere
278 2333 371 2415 quod
404 2333 583 2398 debuimus
610 2334 716 2422 juxta
755 2335 868 2415 vircs;
905 2341 1086 2417 ,sperantes

132 2433 224 2515 quod
248 2440 403 2516 paternae
418 2441 543 2497 vestrae
559 2433 738 2515 plenitudo
763 2435 1009 2513 benevolentiae
1027 2455 1085 2500 no·

133 2535 184 2602 bis
201 2534 245 2596 ad
264 2541 401 2616 tempus
416 2535 597 2617 benignius
614 2543 864 2618 supportasset,

177 2633 344 2698 ‘Videtur
366 2634 469 2702 etiam
493 2635 677 2717 aliquibus
696 2637 789 2718 quod
809 2637 983 2716 revocatio
1004 2636 1087 2702 dicti

133 2735 321 2806 vicariatus
346 2735 439 2806 faeta
472 2735 585 2811 fuerat
613 2744 842 2818 praemmureg
877 2757 954 2802 cum
981 2737 1086 2820 juxta

132 2836 351 2918 sponsionem
376 2854 480 2918 super
498 2835 576 2914 hoc,
591 2856 652 2918 per
671 2838 866 2920 imperiales
890 2837 1005 2919 apices
1026 2859 1084 2902 no

133 2937 184 3000 bis
202 2936 343 3014 factam,
360 2956 430 3004 non
449 2937 624 3012 debuisset
649 2937 722 3001 fieri
738 2957 918 3020 quousque
935 2957 1084 3018 ¹reguum

134 3036 305 3114 Franciae,
325 3037 381 3102 vel
406 3037 571 3121 majorem
594 3046 729 3120 partem
753 3037 916 3122 ejusdem,
940 3039 1084 3120 pacifice

128 3139 313 3206 fuissemus
329 3137 455 3220 adepti.

174 3238 397 3316 ‘Praemissm
420 3258 629 3321 quaesumus,
659 3239 742 3304 velit
763 3240 883 3306 innata
900 3239 997 3310 vobis
1022 3259 1082 3312 no-

131 3339 249 3404 bilitas
272 3339 387 3404 debite
411 3341 613 3422 ponderare,
629 3347 664 3404 et
685 3340 830 3407 ulterius
856 3341 967 3416 faeere
990 3343 1082 3423 quod

130 3439 289 3518 debebit3
315 3441 399 3522 quia
419 3461 482 3522 per
509 3441 580 3504 Dm
608 3441 767 3522 gratiam,
784 3442 882 3510 vobis
898 3449 938 3507 :et
958 3443 1082 3509 vestris

129 3559 267 3623 semper
284 3540 392 3623 juxta
408 3559 602 3604 mensuram
616 3541 780 3624 impensae
793 3550 930 3620 vestrae,
947 3550 1081 3624 gratam

130 3641 297 3704 faciemus
315 3660 378 3722 pro
393 3641 524 3704 viribus
539 3639 780 3723 1repensiram.

179 3738 409 3806 ‘eelsitudini
424 3749 549 3808 restrae
575 3741 678 3813 donet
703 3741 928 3811 Aurrssruns
955 3743 1081 3813 votivae

128 3841 308 3910 felicitatis
323 3841 551 3923 augmenta*

164 3991 368 4053 ¹‘repensam3'
401 3994 545 4057 Avesbury,
581 4010 597 4043 a
623 3994 1080 4057 InAvesburythedateindifferent.

128 4066 300 4124 flemene.
624 4070 695 4128 1341,
726 4066 804 4116 ‘Dat
828 4069 965 4120 Leudouiis
983 4073 1081 4120 xvnn0.

165 4132 176 4160 ²
193 4135 241 4183 See
248 4134 381 4195 Rymcr,v.
391 4137 449 4195 264,
455 4135 540 4184 where
554 4136 595 4184 the
621 4137 662 4186 die
673 4137 690 4186 J
694 4137 739 4186 ulii
753 4152 818 4186 anno
830 4141 899 4202 regni
913 4142 991 4190 nostri
1005 4141 1082 4190 Fran-

125 4208 188 4256 date
225 4205 248 4252 is
284 4203 376 4252 added.
413 4205 489 4253 ‘Dati
526 4207 595 4267 apud
620 4208 667 4256 cire
691 4208 812 4268 secundo,
834 4211 904 4272 regni
923 4226 982 4260 vero
1005 4211 1082 4260 nostri

125 4279 235 4326 Westm.
248 4275 347 4323 decimo
359 4280 448 4335 quarto
459 4276 501 4325 die
511 4277 596 4327 sulii!
620 4277 720 4340 Angliae
731 4280 813 4328 xum!

1103 645 1210 685 Edward's

1102 697 1158 746 reply
1168 700 1190 735 to
1199 696 1235 735 the

1102 757 1204 797 emperor.
