3020 5030
420 475 442 540 6
760 492 796 540 Α.
816 488 1030 552 nunrnnrn.

420 655 455 712 et
472 646 569 710 sones
587 646 621 710 in
638 644 758 711 ¹collis
776 646 953 724 habentes,
969 646 1237 712 misericordiam
1255 653 1375 730 postu-

419 747 545 813 lantes.
608 747 706 826 Quos
733 766 796 811 rex
831 747 983 830 suscepit
1014 748 1057 810 ad
1090 745 1370 823 misericordiam,

420 854 456 911 et
478 848 521 912 ad
541 847 680 913 diversa
705 854 821 912 castra
843 848 880 913 iu
898 845 1029 930 Anglia
1057 848 1152 912 misit
1176 848 1371 912 carceribus

420 946 678 1031 mancipandos,
695 948 863 1011 neminem
881 947 1087 1026 occidend03
1109 946 1232 1031 positis
1248 947 1370 1012 deinde

420 1048 620 1115 custodibus
641 1067 703 1131 per
718 1055 828 1114 totam
851 1048 1015 1127 Scotiam,
1033 1047 1135 1112 rediit
1155 1048 1191 1111 in
1205 1045 1370 1129 Angliam

420 1146 654 1214 ²hieruaturus
671 1149 708 1212 in
725 1167 779 1226 ea,
796 1147 885 1212 sicut
898 1148 1041 1214 inferius
1055 1148 1245 1231 apparebit.

420 1388 641 1444 lusrlrmml
691 1391 738 1437 Dll
785 1389 1060 1438 TRAYLBAS'PON.
1139 1389 1238 1437 0Bll'l'
1278 1389 1371 1438 PAPA

472 1489 709 1540 BENEDIG'I'US.
772 1489 963 1538 ROBER'I'US
1004 1490 1051 1536 Dll
1094 1488 1213 1538 BRUYS
1255 1490 1370 1538 PRIMO

471 1589 651 1638 GUERRAM
695 1590 820 1652 Movl'l',
862 1589 1008 1638 CONTRA
1048 1589 1223 1638 DOMlNUM
1267 1588 1369 1639 SUUM

471 1690 689 1738 EDWARDUM
717 1690 853 1739 REGEM.

257 1869 390 1912 suanum..
476 1849 586 1916 Auno
605 1851 747 1916 Donum
774 1867 941 1924 mcccv..
968 1849 1147 1916 Benedicti
1177 1869 1278 1933 papae
1295 1849 1369 1914 XI.

256 1921 356 2034 ‘diff'
419 1951 543 2034 primo,
559 1953 658 2034 regni
683 1971 765 2020 vero
793 1950 876 2016 dicti
903 1951 995 2032 regis
1018 1949 1181 2014 Edwardi
1211 1966 1370 2028 xxxin„

257 2025 376 2073 ‘mmmm'
420 2053 530 2116 tenuit
557 2072 620 2116 rex
651 2051 844 2117 Edwardus
869 2051 998 2116 Natale
1031 2050 1124 2134 apud
1153 2049 1369 2114 Lincolniam

415 2152 533 2216 nobile
559 2159 595 2217 et
620 2152 793 2219 sollemne.
847 2152 894 2217 Et
910 2151 1082 2215 ordinavit
1093 2150 1303 2234 justitiarios
1326 2149 1369 2214 do

417 2248 713 2336 ³Traylebastoue
731 2259 810 2336 post
825 2272 886 2334 por
900 2258 1010 2316 totam
1025 2249 1190 2332 Angliam
1205 2249 1248 2314 ad
1264 2250 1370 2315 casti·

418 2352 570 2432 gaudum
604 2353 854 2429 malefactores,
885 2370 947 2433 per
977 2369 1065 2434 quos
1096 2350 1236 2414 fuerunt
1270 2350 1371 2414 multi

419 2452 533 2532 puniti
549 2458 584 2516 et
601 2453 692 2534 regis
709 2453 868 2516 aerarium
886 2451 987 2514 valde
1000 2449 1160 2515 ditatum.

257 2573 385 2614 arationes
472 2550 552 2616 Hoc
578 2570 668 2616 anno
683 2553 804 2634 quinto
828 2549 884 2616 die
909 2550 1036 2614 mensis
1050 2548 1073 2614 J
1077 2549 1148 2612 unii
1164 2549 1369 2627 cardinales,

257 2623 388 2664 mmm
419 2651 479 2732 qui
507 2670 529 2716 a
558 2658 668 2716 morte
695 2652 874 2716 Benedicti
904 2649 1039 2713 Perusii
1066 2649 1190 2714 inclusi
1219 2649 1368 2727 fuerunt,

418 2748 501 2831 quia
529 2750 572 2814 de
598 2751 721 2834 seipsis
746 2751 801 2816 vel
827 2750 944 2834 aliquo
963 2749 1088 2814 Italico
1111 2769 1181 2813 non
1208 2756 1369 2832 poterant

418 2850 640 2928 concordare,
658 2851 836 2933 elegerunt
856 2851 892 2914 in
909 2869 1036 2932 papam
1057 2846 1309 2914 ⁴Bertrandum
1326 2850 1369 2913 de

419 2947 541 3028 Gotto,
556 2951 852 3034 archiepiscopum
868 2949 1173 3030 Burdogalensem,
1194 2950 1230 3013 in
1248 2949 1369 3030 vigilia

418 3048 655 3128 Pentecostes,
683 3051 743 3134 qui
768 3051 865 3134 prius
890 3049 955 3116 fuit
986 3049 1168 3133 episcopus
1189 3043 1368 3113 ⁵Conven-

418 3169 527 3228 arum,
545 3159 668 3234 postea
689 3153 873 3235 episcopus
888 3148 1157 3232 Burdegalensis
1179 3149 1292 3214 sactus
1306 3169 1369 3232 per

417 3269 544 3333 papam
579 3251 623 3315 ad
652 3252 931 3334 procurationem
968 3249 1084 3314 fratris
1116 3249 1172 3312 sui
1203 3249 1369 3330 germani,

417 3348 629 3412 Albanensis
644 3350 797 3432 episcopi
814 3349 1008 3414 cardinalis

255 3469 374 3530 mouson
469 3449 549 3513 Hoc
570 3467 662 3512 anno
686 3449 752 3513 fuit
768 3440 938 3526 ⁶tractus,
955 3467 1155 3531 suspensus,
1172 3455 1207 3512 et
1232 3448 1370 3531 decapi-

254 3519 379 3610 iid'rffl'effm
417 3555 513 3612 tatus
525 3548 734 3612 Willielmns
746 3548 903 3630 Walleys
921 3549 1014 3630 apud
1029 3547 1185 3625 London,
1201 3549 1261 3630 qui
1275 3550 1371 3631 prius

417 3656 538 3712 contra
560 3646 739 3730 Anglicos,
756 3645 817 3713 ⁷et
842 3650 880 3712 in
908 3648 1026 3712 Scotia
1053 3655 1088 3713 et
1110 3648 1266 3729 partibus
1294 3648 1370 3712 fini·

416 3747 522 3824 timis,
538 3748 648 3812 multa
666 3749 818 3814 facinora
835 3749 1060 3830 perpetravit.

452 3949 461 3983 ¹
478 3949 580 4016 ‘oollo‚’
599 3953 670 4002 Hali.
939 3947 949 3977 ³
966 3949 1102 4011 comenge,
1128 3964 1156 3997 or
1180 3949 1324 4014 Cominges,
1342 3953 1369 4001 in

452 4035 464 4070 ²
480 4033 690 4102 ‘irremeaturns,'
707 4039 779 4089 Holl.
903 4019 1033 4137 stccodqy'
1045 4033 1104 4080 ΒΨ
1116 4019 1188 4112 ψῃ·

451 4129 677 4196 ”Tfylbafltfflet’
691 4135 730 4184 ω’
743 4135 774 4185 Ε·
940 4155 951 4186 ⁷
968 4093 1128 4209 Gldsffcdldss'
1146 4089 1230 4208 offla
1243 4162 1269 4208 et
1291 4160 1366 4210 etiam

447 4225 457 4258 ⁴
475 4227 517 4276 He
528 4228 587 4278 took
600 4228 642 4278 the
653 4229 708 4276 title
723 4227 752 4277 oi
763 4227 877 4279 Clement
904 4227 1008 4291 Scotia‚'
1026 4229 1141 4290 omitting
1160 4225 1221 4290 ‘in‚’
1239 4229 1325 4279 which
1344 4232 1367 4279 is

412 4298 444 4347 V.
903 4299 966 4348 irom
979 4299 1050 4350 Hall.
