3010 5030
423 492 467 556 88
759 512 794 560 A.
814 512 1029 562 uuaruuru.

422 669 574 752 quinque
600 669 686 732 locis
712 667 864 751 ejusdem
882 667 986 745 villae,
1013 667 1113 732 etad
1140 667 1260 750 galeas
1284 667 1374 732 redi-

422 779 532 834 erunt.

262 886 355 975 sparos
474 869 555 935 Hoc
589 890 680 935 anno
716 889 776 952 per
816 876 925 936 totam
956 869 1112 953 hyemem
1144 889 1205 932 rex
1234 867 1373 951 Angliee

259 947 341 1027 llolll·
423 971 660 1055 perendinavit
685 970 776 1054 apud
792 968 980 1053 Andwerp,
997 977 1033 1034 et
1053 970 1138 1034 locis
1155 969 1290 1046 vicinis,
1313 970 1372 1034 ubi

423 1073 542 1154 regina
558 1071 697 1154 Angliaa
719 1071 854 1154 peperit
875 1071 940 1135 sibi
966 1070 1086 1148 filium,
1102 1089 1202 1154 quem
1217 1070 1373 1135 fecerunt

422 1173 539 1238 vocari
555 1171 737 1236 ‘Leonem
805 1169 851 1236 Et
875 1191 937 1254 per
953 1178 1062 1236 totam
1088 1171 1190 1236 istam
1215 1171 1371 1253 hyemem

422 1273 699 1355 congregabatur
720 1272 803 1336 lana
828 1291 889 1355 per
917 1280 1027 1337 totum
1054 1291 1195 1354 regnum
1221 1270 1373 1353 Angliae,

422 1373 560 1438 domino
595 1373 669 1454 regi
695 1372 882 1437 mittenda:
920 1379 956 1436 et
985 1381 1203 1454 congregatae
1234 1371 1374 1436 fuerunt

422 1474 541 1538 multae
563 1492 682 1551 naves,
697 1473 787 1537 lanis
811 1481 958 1550 onustae,
978 1472 1070 1555 apud
1089 1459 1297 1556 Herewych,
1313 1473 1371 1537 ubi

423 1573 481 1638 diu
509 1581 690 1651 steterunt,
719 1580 861 1657 propter
877 1580 1019 1638 ventum
1044 1573 1252 1638 contrarium
1271 1592 1372 1656 quem

422 1674 610 1754 habebant3
634 1681 669 1738 et
684 1675 765 1757 quia
780 1674 898 1756 galeas
917 1673 1115 1750 timuerunt,
1132 1673 1247 1757 plures
1265 1693 1372 1739 naves

422 1782 659 1858 expectarent,
675 1782 714 1839 ut
730 1782 873 1857 possent
889 1793 1009 1838 secure
1023 1775 1181 1839 transire.

473 1875 575 1952 Item,
593 1875 658 1940 hoc
678 1894 768 1940 anno
786 1894 848 1939 rex
866 1881 983 1940 noster
998 1875 1150 1958 suscepit
1166 1875 1369 1940 vicariatum

423 1975 564 2058 Imperii
587 1995 607 2039 a
630 1975 826 2058 Lodowyoo
854 1975 1015 2054 Bavaro;
1059 1994 1163 2059 super
1186 1995 1254 2058 quo
1278 1995 1370 2059 papa

422 2076 559 2159 scripsit
596 2076 670 2158 regi
696 2075 815 2141 literas
844 2075 1097 2157 redargutionis
1124 2084 1160 2141 et
1186 2074 1368 2140 ²exhorta-

421 2177 537 2253 tionis,
553 2177 639 2241 satis
664 2176 749 2240 dure
774 2184 970 2259 conceptae,
998 2175 1040 2240 de
1066 2176 1149 2241 data
1166 2177 1280 2243 idibus
1296 2176 1332 2240 N
1334 2197 1370 2241 o-

423 2277 584 2355 vembris,
607 2277 828 2360 pontificatus
865 2277 919 2340 sui
949 2296 1040 2341 anno
1072 2284 1209 2359 quarto.
1269 2277 1370 2354 Item,

422 2377 489 2442 hoc
521 2397 613 2443 anno
648 2378 685 2441 in
709 2377 844 2461 jejunio
872 2376 1032 2456 Quatuor
1050 2376 1259 2459 Temporum
1292 2386 1372 2442 ante

424 2477 565 2554 Natale,
582 2496 674 2560 papa
689 2477 770 2542 fecit
787 2497 849 2542 sex
866 2477 1070 2557 cardinales,
1090 2478 1258 2555 videlicet,
1275 2477 1373 2560 quin-

422 2598 490 2660 que
506 2578 549 2642 de
564 2597 672 2660 regno
687 2577 857 2655 Franciae,
875 2585 910 2643 et
928 2598 1032 2643 unum
1047 2579 1158 2643 solum
1176 2579 1218 2643 de
1229 2578 1345 2646 ltalia.

259 2699 338 2738 aava
403 2661 405 2666 ¹
473 2678 576 2754 Item,
619 2677 684 2742 hoc
726 2698 816 2742 anno
853 2678 888 2741 in
924 2678 1044 2760 vigilia
1082 2677 1371 2744 Annunoiationis

258 2749 390 2890 {illidi
421 2785 590 2843 venerunt
613 2777 772 2844 undecim
795 2778 904 2861 galeae
928 2781 971 2843 ad
989 2778 1197 2862 Herewych,
1216 2787 1251 2844 et
1271 2780 1371 2844 dede·

282 2851 365 2890 ⁸¹⁹⁷¹⁰¹⁸
422 2886 504 2942 runt
541 2879 706 2943 insultum
737 2878 876 2957 ibidem,
910 2888 944 2944 et
976 2889 1164 2962 posuerunt
1192 2880 1305 2962 ignem
1337 2882 1371 2946 in

423 2980 533 3043 tribus
548 2979 650 3055 locis;
667 2981 727 3044 sed
746 2999 815 3044 non
829 2980 973 3044 multum
990 2981 1107 3045 nocuit
1117 2982 1220 3063 igniS,
1231 2988 1371 3065 propter

422 3088 563 3144 ventum
581 3081 641 3164 qui
665 3080 858 3146 contrarius
881 3080 947 3145 suit
962 3081 1032 3160 eis;
1056 3072 1134 3170 ³[et
1159 3082 1273 3165 patrie
1301 3084 1371 3150 cito

421 3182 635 3259 occurrebat,
653 3181 702 3245 eis
720 3182 865 3246 viriliter
884 3182 1087 3260 resistendo,
1103 3189 1139 3247 et
1155 3183 1206 3248 sic
1221 3202 1371 3250 recesse-

422 3289 503 3346 runt
518 3282 652 3346 modico
667 3282 793 3347 damno
805 3281 916 3363 dato]

198 3389 200 3392 ’
261 3432 348 3480 Am„
473 3380 576 3459 Item,
594 3382 660 3446 hoc
686 3401 776 3446 anno
793 3402 815 3446 a
833 3382 1001 3465 principio
1016 3382 1176 3449 Octobris
1201 3386 1371 3467 usquead

258 3481 400 3582 milii,
422 3483 627 3566 principium
642 3483 770 3546 mensis
784 3482 999 3560 DecembrIS,
1015 3483 1211 3548 ceciderunt
1226 3490 1280 3550 tot
1295 3486 1372 3569 plu·

422 3585 500 3661 viae,
516 3603 594 3666 quae
616 3581 836 3648 reddiderunt
859 3591 986 3648 terram
1006 3584 1107 3666 quasi
1129 3592 1238 3649 totam
1261 3605 1371 3670 aquo·

422 3703 508 3761 sam,
535 3683 626 3767 quod
659 3683 812 3766 Anglioi,
843 3690 883 3748 ut
909 3684 1084 3763 deberent,
1110 3705 1178 3750 non
1209 3693 1371 3769 poterant

259 3802 390 3849 roronem
421 3785 600 3848 seminare.
668 3784 714 3848 Et
753 3803 774 3850 a
806 3785 973 3868 principio
1013 3787 1140 3849 mensis
1169 3785 1372 3852 Decembris

257 3865 285 3893 an
292 3851 408 3893 extraordi-

257 3905 376 3954 narynost.
422 3885 517 3949 venit
543 3884 623 3967 gelu
652 3884 884 3964 durissimum,
902 3886 995 3969 quod
1024 3893 1130 3950 totam
1156 3893 1295 3966 terram,
1319 3890 1369 3953 sic

456 4122 464 4154 ¹
481 4126 500 4175 i.
512 4140 535 4175 e.
547 4125 722 4188 ‘Lionellum,’
734 4125 884 4178 afterwards
907 4141 983 4180 xv111.
1017 4129 1064 4179 See
1082 4129 1124 4178 the
1135 4131 1221 4180 letters
1232 4132 1259 4181 in
1271 4133 1372 4196 Rymer,

420 4196 473 4246 earl
490 4196 519 4245 of
527 4196 614 4244 Ulstar
633 4197 684 4245 and
701 4197 771 4245 duke
787 4197 816 4247 ot‘
824 4197 884 4248 Cla·
909 4221 934 4254 v.
947 4203 1003 4262 128,
1015 4203 1072 4260 146,
1085 4203 1141 4253 156.

419 4281 502 4317 rence.
539 4267 689 4316 Wals.146.
946 4268 1024 4319 ³The
1035 4270 1165 4336 following
1175 4273 1262 4324 clause
1277 4274 1300 4324 is
1310 4274 1370 4324 troni

455 4334 488 4364 ²‘
508 4337 726 4401 comminationis,’
754 4339 815 4400 Bag.
849 4340 884 4389 A.
911 4340 1017 4402 Bagai.
1030 4355 1105 4393 xvrrt.
