3036 5032
475 509 733 560 oonrrnuarro.
1011 491 1077 556 189

185 663 316 740 Totaque
328 681 386 721 vox
400 662 497 740 populi
510 662 572 720 'vult
587 661 709 720 Edward
723 661 840 720 floribus
853 661 906 730 uti,
1077 683 1161 744 setus
1169 683 1193 722 or

186 759 225 818 Et
238 760 292 819 sibi
306 779 460 838 regnorum
472 778 575 817 nomen
590 760 712 817 retinere
726 758 856 816 duorum.
1090 735 1197 776 ΡΜ*

186 856 261 916 Nam
274 857 341 916 licet
356 855 522 926 Edwardus,
537 857 574 914 sit
589 855 714 914 Francos
727 855 842 914 flectere
855 854 963 923 tardus,

187 953 246 1013 scit
261 954 356 1022 Draus,
370 952 543 1032 adplenum,
559 951 635 1030 quod
648 952 813 1030 subjugavit
825 970 969 1010 amoenum

187 1051 318 1128 Regnum
334 1051 518 1119 Francorum,
532 1049 712 1127 congaudens
726 1049 841 1107 nornine
855 1048 980 1118 ¹llorum,

187 1148 229 1208 Ut
241 1149 321 1207 fraus
334 1148 440 1207 vitetur
453 1147 533 1224 plebs
547 1146 678 1214 consulit,
691 1155 724 1203 ut
737 1145 890 1204 meditetur

186 1244 272 1310 Quod
285 1244 418 1323 captivati
432 1252 508 1302 stent
522 1263 634 1302 carcere
647 1262 704 1301 non
718 1243 839 1313 liberati,

186 1341 289 1401 Donec
303 1350 431 1421 optatum
443 1341 536 1400 tenuit
550 1341 603 1400 sibi
616 1338 811 1419 pacificatum!

177 1478 259 1544 Hoc
276 1480 381 1545 etiam
400 1486 554 1562 tempore
575 1475 713 1561 quidam
738 1476 894 1554 clericus,
911 1496 957 1540 cx
979 1483 1079 1560 parto
1091 1489 1176 1579 3333

131 1579 354 1659 Francorum,
391 1580 478 1645 duos
521 1599 641 1644 versus
686 1577 770 1642 fecit
813 1585 1007 1661 sequentes,
1042 1577 1079 1641 in
1091 1590 1182 1680 {effi
1190 1641 1217 1688 b,

130 1681 243 1746 odium
260 1681 352 1764 regis
367 1680 581 1764 Anglorum:
1090 1691 1225 1732 nertenn-

167 1806 217 1866 ⁴0
232 1826 285 1864 rex
300 1807 473 1884 Anglorum,
488 1806 647 1865 destructor
660 1805 848 1884 pacificorum,

188 1902 291 1964 Credis
305 1902 480 1962 Francorum
493 1922 613 1980 regnum
628 1922 762 1981 superare
775 1898 947 1960 (ἰθιιοιιιιιιῖ2

129 2033 266 2123 Quibus
288 2043 444 2106 versibus
462 2043 602 2126 quidam
617 2040 800 2124 Anglicus,
823 2039 985 2105 videlicet
1006 2059 1080 2103 ma·
1093 2029 1242 2117 maresium

131 2147 237 2226 gister
254 2143 429 2208 Robcrtus
455 2143 498 2207 dc
521 2139 732 2226 Avesbury,³
754 2141 858 2206 curiae
881 2139 1081 2226 Cantuariac
1093 2118 1210 2217 illidii.

132 2245 267 2328 registri
282 2252 413 2322 custos,
430 2243 609 2327 respondit
624 2243 660 2306 iu
675 2241 765 2306 huno
780 2241 941 2306 modum:

169 2363 311 2421 ‘Francia
323 2381 474 2440 regnorum
488 2361 643 2420 fortissima
656 2360 709 2419 flos
723 2360 851 2431 aliorum,

190 2459 309 2518 Dudum
323 2460 460 2529 sublimis,
474 2460 555 2538 quasi
569 2459 687 2537 parvula
700 2478 776 2516 nunc
790 2467 846 2516 stat
858 2457 887 2515 in
902 2458 977 2518 imis.

192 2557 259 2616 Hoc
272 2558 338 2636 quia
351 2557 496 2636 peccavit3
518 2556 609 2634 Phelp
623 2565 652 2614 et
665 2556 723 2616 Jon
737 2555 850 2634 quando
864 2557 980 2626 creavit,

191 2654 317 2731 Injustos
331 2673 423 2732 reges,
437 2653 612 2712 ostendendo
625 2653 699 2712 male
713 2653 800 2731 leges,
1066 2641 1069 2644 ¹

192 2750 315 2809 Edward
328 2770 379 2829 per
392 2751 484 2828 legem
498 2749 553 2807 sibi
567 2751 719 2827 sumpsisse
733 2751 805 2808 bene
820 2747 917 2827 regem

193 2849 240 2908 sic
253 2849 321 2927 quia
335 2848 470 2906 ⁴nolebat
483 2847 583 2905 merito
597 2846 669 2905 flens
683 2847 804 2904 Francia
818 2847 912 2905 flebat.

192 2945 259 3004 Rex
275 2945 399 3006 Carolus
409 2954 503 3002 rectus
518 2945 692 3002 Francorum
707 2944 781 3001 sistit
794 2953 914 3013 erectus,

192 3043 249 3108 Qui
262 3042 391 3112 moritur,
405 3051 472 3100 nato
487 3041 565 3099 nullo
579 3041 614 3099 de
628 3061 659 3099 se
671 3049 817 3118 generato.

191 3141 274 3198 Tunc
286 3140 337 3198 lex
350 3139 387 3198 ad
400 3138 499 3197 florem
513 3139 566 3196 sibi
578 3139 677 3216 junxit
690 3138 901 3216 proximiorem.

193 3233 314 3292 Edward
329 3233 490 3308 Auglorum
503 3251 609 3308 regem,
627 3231 661 3289 de
675 3232 803 3308 germine
817 3231 930 3302 florum,

191 3331 256 3389 Lex
270 3341 437 3408 agnatorum
451 3330 543 3387 zelum
558 3329 706 3388 confundit
719 3348 827 3398 eorum,

193 3429 251 3494 Qui
265 3436 401 3505 spernunt
414 3435 512 3486 natum
527 3426 562 3484 de
575 3445 710 3504 germana
723 3434 898 3502 generatum.

165 3595 211 3649 ιι’.
223 3615 244 3649 e.
256 3598 298 3648 the
309 3599 481 3650 fleursde-lis.
619 3602 681 3650 land
710 3616 756 3651 nor
780 3603 854 3665 Bale,
887 3602 984 3670 (which
1010 3605 1085 3654 latter

166 3665 178 3699 ²
194 3670 244 3718 For
254 3669 350 3719 several
361 3671 473 3719 versione
488 3667 518 3719 oi
524 3669 595 3720 these
621 3671 1085 3738 Hearneisnotsurprisedat,)Wood,

128 3740 255 3802 conpleta,
278 3740 329 3788 and
348 3754 364 3788 a
385 3741 457 3802 reply
470 3746 496 3789 to
517 3741 595 3802 them,
619 3742 688 3791 John
705 3742 830 3805 Josoelin‚
850 3739 1003 3811 (Catelogus
1023 3745 1085 3793 His·

130 3825 174 3860 see
197 3810 239 3860 the
262 3811 390 3872 Minutiae‚
414 3811 546 3872 appended
569 3817 595 3860 to
620 3809 761 3876 tor-ianam)
799 3813 903 3875 Bostou,
935 3814 1084 3880 (Speculum

130 3880 258 3930 Heurne's
280 3881 321 3930 ed.
342 3879 371 3930 of
389 3881 531 3944 Avesbury,
550 3897 594 3944 pp.
620 3880 832 3947 Coenobitarum,)
852 3897 900 3931 nor
927 3884 1029 3946 latterly
1050 3886 1084 3946 by

130 3955 190 4013 260,
199 3955 257 4002 261.
620 3953 727 4003 Tanner.
755 3953 1085 4015 Hearnecoujecturesthat

167 4019 178 4049 ³
188 4015 407 4082 ‘Auebury,’text.
415 4021 463 4070 See
469 4018 595 4071 Hearnc’s
619 4021 652 4072 he
668 4023 728 4072 died
738 4024 815 4072 about
825 4023 868 4072 the
879 4038 941 4084 year
953 4027 1024 4074 135⁷.

128 4092 231 4152 presaoe
249 4096 275 4140 to
289 4090 330 4140 his
345 4091 441 4140 edition
458 4092 486 4140 of
503 4091 597 4140 Robert
654 4091 665 4123 ⁴
681 4093 719 4142 Or
730 4089 861 4157 ‘volebas’
873 4108 931 4154 says
944 4095 1015 4156 Hsll,
1025 4095 1084 4143 who

127 4161 405 4222 osAvesbury'sHist.
418 4162 595 4224 Ed.111.p.a.
619 4164 741 4226 remarks,
763 4164 819 4213 that
841 4165 940 4212 writers
968 4164 997 4213 ol
1021 4166 1084 4214 such

128 4233 157 4280 It
179 4233 203 4280 is
224 4232 339 4295 singular
355 4230 410 4280 that
432 4232 483 4281 this
506 4232 597 4281 author
619 4249 704 4283 verses
734 4235 794 4295 paid
822 4235 887 4284 little
917 4235 1037 4285 attention
1057 4240 1085 4284 to

125 4302 223 4352 should
234 4308 279 4355 not,
290 4303 322 4352 be
339 4303 482 4352 mentioned
498 4305 533 4365 by
549 4303 597 4352 Le·
619 4306 744 4366 quantity.
