3010 5030
237 612 311 651 Termr
320 611 344 650 ol

237 663 274 701 the
282 666 349 702 truce.

398 418 462 481 140
735 432 771 479 A.
790 431 1006 478 nunrnurn.

398 593 492 658 dicta
517 592 612 656 ouria
643 591 733 655 infra
760 590 885 654 festum
914 590 1026 655 sancti
1054 588 1077 654 J
1080 590 1226 654 ohannis
1258 591 1351 672 Bap·
1426 637 1427 644 κ

399 693 492 758 tistae
516 693 673 776 proxime
695 691 861 768 futurum,
889 699 924 754 et
947 690 1039 773 quod
1063 691 1233 772 praedicta
1247 710 1356 772 expe-

400 794 539 858 diantur
560 813 637 857 cum
656 791 726 854 Dn1
744 789 928 873 adjutorio,
949 810 1009 873 per
1026 790 1155 854 dictum
1177 790 1357 854 dominum

399 912 538 976 papam,
572 891 664 956 infra
693 890 821 955 festum
852 890 1059 954 Natiuitatis
1093 889 1249 966 Donrru,
1288 889 1355 953 nisi

399 993 442 1056 de
467 1011 635 1057 consensu
661 991 825 1056 nobilium
850 989 1093 1072 praedictorum
1119 989 1224 1054 fuerit
1241 989 1356 1052 termi-

399 1111 465 1156 nus
491 1099 697 1174 prorogatus
712 1116 721 1164 ;
746 1090 796 1154 ita
813 1095 928 1154 tamen
944 1089 1048 1173 quod,
1066 1089 1095 1153 si
1109 1089 1224 1178 dictus
1246 1089 1358 1153 domi-

401 1212 466 1256 nus
495 1212 588 1275 papa
618 1190 853 1274 impediretur,
885 1190 940 1252 vel
967 1208 1034 1253 non
1074 1197 1192 1271 posset
1227 1207 1356 1270 ponere

401 1291 619 1357 concordiam
650 1291 740 1355 inter
767 1309 865 1370 reges
892 1289 1087 1371 praedictos,
1115 1289 1209 1370 quod
1235 1288 1357 1352 nihilo·

401 1393 514 1456 minus
554 1399 686 1471 treugae
724 1389 848 1454 durent
878 1395 913 1452 et
947 1381 1130 1453 serventur
1159 1407 1269 1470 usque
1311 1388 1354 1452 ad

402 1499 538 1574 tempus
554 1489 643 1554 infra
659 1490 936 1555 determinatum.

452 1591 581 1668 ‘Item,
610 1590 702 1672 quod
727 1609 772 1653 ex
795 1608 898 1666 nnnc,
922 1594 960 1652 ut
978 1584 1144 1670 praedicta
1172 1587 1295 1650 melius
1312 1593 1357 1651 et

402 1691 536 1774 plenius
582 1689 740 1754 effectum
778 1689 904 1753 habere
941 1687 1087 1771 possint,
1125 1687 1359 1751 concedantur

402 1799 533 1872 treugae
551 1810 662 1873 usque
684 1789 728 1853 ad
747 1789 873 1852 festum
895 1789 1007 1852 sancti
1024 1786 1206 1851 Michaelis
1230 1788 1358 1850 mensis

403 1888 614 1974 Septembris
648 1889 804 1972 proxime
837 1887 1004 1965 futurum,
1036 1893 1071 1952 et
1100 1887 1143 1950 ab
1175 1887 1236 1950 illo
1268 1887 1358 1950 festo

402 2007 512 2072 usque
540 1990 584 2053 ad
617 1990 719 2054 linem
757 1989 894 2052 triennii
929 1987 1082 2051 continui
1110 1988 1268 2068 proxime
1305 2007 1359 2051 se-

403 2090 552 2172 quentia,
584 2110 646 2172 per
673 2089 784 2152 dictos
818 2107 918 2170 reges
948 2087 1104 2151 Franciae
1136 2092 1172 2149 et
1204 2084 1357 2166 Angliae,

403 2209 519 2270 regem
550 2188 688 2266 Scotiae,
720 2189 879 2252 comitem
906 2186 1091 2262 Hauoniae‚
1122 2193 1158 2250 et
1195 2186 1358 2266 alligatos
1405 2220 1407 2222 ·

404 2309 537 2371 regum,
564 2288 735 2365 videlicet,
756 2288 930 2352 dominum
946 2285 969 2348 J
973 2286 1142 2350 ohannem
1168 2286 1211 2350 de
1233 2287 1360 2350 Hano-

404 2390 474 2465 uia,
517 2395 553 2452 et
584 2392 718 2469 gentem
753 2387 938 2463 Flandriae,
980 2386 1017 2449 in
1060 2384 1218 2450 omuibus
1237 2387 1358 2450 -terris

404 2507 536 2568 regum,
552 2487 727 2562 comitum,
753 2492 789 2550 et
815 2485 1034 2567 alligatorum
1060 2484 1360 2566 praedictorum,a

405 2594 559 2669 tempore
580 2586 671 2649 datae
692 2585 913 2668 praesentium
936 2591 1148 2666 treugarum,
1162 2605 1225 2668 per
1247 2592 1359 2649 totum

406 2695 542 2768 tempus
559 2685 760 2768 praedictum
776 2684 966 2748 servandae.

455 2785 582 2862 ‘Item,
610 2783 701 2868 quod
730 2804 792 2848 rex
817 2783 954 2861 Scotiae,
980 2801 1094 2847 comes
1118 2783 1303 2862 Hauoniae,
1326 2793 1362 2850 et

405 2884 540 2966 alligati
554 2884 722 2948 dictorum
746 2903 879 2965 regum,
898 2884 1036 2947 mittent
1052 2902 1134 2947 suos
1155 2884 1299 2947 nuncios
1316 2886 1360 2948 ad

406 2985 535 3048 curiam
564 2985 776 3067 praedictam,
815 3002 894 3048 cum
924 2988 1098 3065 potestate
1124 2983 1363 3048 consentiendi

406 3103 446 3147 ac
469 3083 638 3160 firmandi,
656 3084 843 3148 secundum
868 3089 1054 3146 tractatum
1075 3082 1224 3146 fiendum
1244 3101 1361 3146 coram

406 3184 498 3248 dicto
518 3183 659 3248 domino
681 3202 784 3265 papa,
802 3183 1020 3264 inquantum
1047 3201 1106 3275 eos
1130 3181 1255 3263 tangit,
1270 3182 1361 3246 infra

406 3283 717 3365 diempraedictum
744 3282 856 3345 sancti
884 3281 1069 3345 Johannis.
1121 3281 1168 3345 Et
1191 3281 1220 3344 si
1253 3282 1361 3365 aliqui

407 3403 524 3446 eorum
553 3384 688 3448 mittere
709 3381 905 3458 uoluerunt,
935 3388 1078 3464 propter
1109 3381 1174 3444 hoc
1203 3399 1274 3444 non
1309 3401 1364 3446 re·

407 3483 601 3548 tardabitur
616 3481 793 3563 negotium
811 3481 1033 3546 antedictum.

459 3582 582 3658 ‘Item,
609 3581 700 3663 quod
721 3580 823 3644 dictae
854 3587 986 3662 treugae
1014 3587 1196 3644 serventur
1224 3579 1260 3642 in
1286 3581 1365 3644 Bri-

408 3683 528 3746 tannia
572 3681 662 3744 inter
701 3698 800 3761 reges
846 3680 1030 3762 praedictos
1074 3686 1110 3743 et
1148 3679 1365 3744 adhaerentes

408 3780 548 3856 eisdem,
571 3779 675 3843 etiam
704 3779 733 3842 si
755 3779 815 3863 jus
842 3779 877 3841 in
904 3779 1031 3842 ducatu
1060 3799 1097 3842 se
1122 3778 1250 3842 habere
1276 3799 1364 3862 prae·

406 3880 562 3943 tendant.
620 3879 722 3955 Item,
746 3878 836 3960 quod
864 3879 987 3942 civitas
1006 3878 1213 3955 Venetensis
1239 3881 1363 3961 recipi·

409 3985 488 4041 atur
515 3980 551 4040 in
579 3979 738 4042 manibus
769 3978 936 4043 dictorum
962 3979 1178 4042 dominorum
1207 3978 1363 4042 cardina-

409 4077 504 4166 lium,
521 4078 669 4142 tenenda
696 4079 832 4143 nomine
854 4078 984 4142 domini
1007 4097 1107 4160 papae
1136 4098 1198 4161 per
1215 4097 1287 4154 eon,
1305 4086 1366 4142 aut

409 4177 554 4241 alterum
592 4179 756 4261 ipsorum,
794 4198 873 4242 uno.
894 4177 1092 4254 decedente,
1128 4178 1182 4241 vel
1226 4176 1363 4242 nolente
