3010 5030
286 659 393 700 Edward's

285 710 348 750 letter
353 711 436 760 minat

285 761 346 810 papst
354 773 402 811 pro·

286 811 362 851 vision.

449 471 514 536 158
794 490 825 536 Α.
847 489 1062 539 uueruuru.

446 646 617 729 indigenas
632 665 735 728 quam
761 646 978 728 alienigenae,
1000 647 1044 711 ad
1068 646 1280 730 acceptanda
1302 647 1403 710 bene-

447 746 526 811 ficia
558 747 594 810 in
626 767 734 830 regno
764 754 883 812 nostro
916 747 1054 829 Angliae
1083 767 1145 830 per
1174 748 1288 811 bullas
1323 766 1402 828 per-

448 847 577 930 plures,
601 848 738 913 nomine
760 847 930 912 dictorum
947 847 1174 913 cardinalium
1194 856 1230 911 et
1253 846 1401 911 aliorum

448 947 689 1031 praedictorum
721 947 915 1024 constituti,
947 967 989 1012 ac
1016 946 1122 1012 etiam
1153 947 1309 1012 nonnulli
1340 948 1401 1010 alii

448 1048 657 1130 provisores,
694 1056 763 1112 tam
791 1047 994 1130 alienigenae
1021 1067 1125 1131 quam
1148 1047 1331 1130 indigenae,
1358 1047 1401 1112 de

448 1147 544 1212 curia
584 1147 756 1224 Romana,
798 1155 972 1229 praetextu
1017 1147 1208 1230 gratiarum
1244 1147 1311 1211 sibi
1355 1147 1400 1210 ad

449 1247 593 1312 eandem
623 1249 753 1312 coriam
786 1247 968 1326 factarum,
998 1267 1063 1312 nos
1092 1254 1128 1312 et
1153 1247 1214 1331 jus
1241 1253 1400 1312 nostrum

449 1343 608 1430 ¹regium,
631 1366 673 1413 ac
696 1348 779 1432 jura
801 1349 977 1426 comitum,
1000 1349 1179 1425 baronum,
1204 1365 1398 1430 procerum,

447 1454 483 1511 at
497 1449 753 1512 communitatis
768 1448 850 1513 dicti
876 1450 974 1530 regni
997 1448 1119 1524 nostri,
1136 1448 1341 1530 impugnare
1364 1455 1400 1512 et

447 1567 511 1630 pro
538 1548 669 1612 viribus
702 1548 880 1612 adnullare
910 1547 1158 1624 machinantes,
1192 1546 1398 1630 praedictum

447 1666 589 1729 regnum
609 1657 765 1712 nostrum
780 1647 919 1730 Angliae
935 1656 1018 1712 sunt
1034 1648 1191 1729 ingressi,
1206 1667 1268 1729 per
1283 1647 1398 1711 bullas

446 1747 641 1829 praedictae,
655 1756 690 1813 et
704 1749 791 1813 alias
804 1748 923 1813 literas
937 1755 973 1813 et
990 1748 1194 1812 monitiones
1213 1747 1257 1811 ad
1271 1764 1397 1811 execu-

447 1847 558 1912 tiones
582 1849 765 1913 eorundem
790 1848 964 1913 faciendas
975 1850 1075 1914 vobis
1099 1847 1345 1925 liberaverunt,
1362 1855 1399 1912 at

446 1967 520 2022 vos,
539 1968 580 2012 eo
601 1955 788 2031 praetextu,
805 1949 934 2030 placita
958 1966 1074 2013 coram
1097 1948 1196 2012 vobis
1213 1955 1343 2025 tenere,
1362 1955 1399 2013 et

445 2047 561 2112 varios
575 2067 768 2131 processus,
795 2067 836 2114 ac
853 2048 923 2113 alia
937 2048 1036 2113 nobis
1051 2057 1087 2112 et
1103 2067 1240 2112 coronae
1256 2055 1397 2123 nostrae,

445 2165 486 2210 ac
509 2149 705 2226 comitibus,
721 2149 918 2225 baronibus,
934 2149 1144 2232 proceribus,
1159 2155 1195 2213 et
1212 2147 1278 2214 toti
1303 2167 1399 2213 com-

444 2249 607 2312 munitati
638 2248 791 2332 ejusdem
821 2249 918 2330 regni
950 2247 1211 2333 praejudicialia,
1252 2248 1288 2311 in
1328 2247 1397 2312 hac

444 2354 556 2429 parte,
584 2345 597 2380 ²
602 2394 991 2414 ...............
1009 2349 1045 2412 in
1077 2349 1188 2412 nostri
1215 2354 1397 2430 contemp-

448 2453 532 2525 tum,
567 2455 602 2512 et
646 2448 755 2512 nostri
795 2466 835 2512 ao
880 2468 1015 2514 coronae
1053 2455 1192 2525 nostrae,
1224 2448 1396 2512 dictorum

445 2548 621 2622 comitum,
651 2549 898 2631 baronumque,
920 2567 1113 2631 procerum,
1143 2555 1179 2612 et
1205 2550 1397 2612 commuui-

446 2647 529 2712 tatis
562 2654 690 2711 nostrae
729 2645 1080 2725 exhaereditationem,
1120 2655 1156 2712 et
1189 2655 1303 2712 status
1340 2668 1398 2712 ec-

445 2745 560 2811 clesiae
595 2746 798 2829 Anglicauaa
836 2747 1089 2830 depressionem
1105 2747 1336 2824 manifestam,
1360 2756 1397 2813 et
1500 2747 1501 2756 ’

445 2854 566 2911 contra
591 2847 662 2910 Dur
687 2847 914 2925 voluntatem,
939 2867 981 2912 ac
1004 2849 1096 2930 piam
1131 2847 1394 2930 dispositionem

445 2945 664 3011 fundatorum
697 2947 942 3012 beneficiorum
975 2948 1173 3024 eorundem,
1204 2954 1239 3011 et
1271 2953 1396 3012 contra

445 3046 588 3110 formam
621 3048 868 3130 provisionum,
891 3047 1158 3124 ordinationum,
1192 3047 1394 3112 concordia·

445 3167 534 3224 rum,
564 3154 600 3211 et
623 3149 945 3225 considerationum,
972 3155 1044 3212 tam
1069 3156 1223 3230 tempore
1247 3147 1393 3211 celebris

444 3248 616 3312 memoriae
659 3248 788 3313 domini
830 3247 992 3311 Edwardi
1028 3249 1120 3330 regis
1154 3245 1306 3329 Angliae,
1335 3249 1392 3312 avi

445 3348 564 3423 nostri,
599 3347 635 3414 in
678 3348 906 3431 parliamento
946 3367 1010 3412 suo
1049 3347 1142 3430 apud
1184 3346 1391 3423 Karliolum‚

444 3465 548 3530 quam
578 3448 614 3511 in
629 3443 751 3511 ultimo
778 3447 1004 3529 parliamento
1026 3454 1146 3511 nostro
1165 3447 1259 3531 apud
1274 3447 1393 3512 West·

443 3547 699 3622 monasterium,
715 3554 825 3624 tento,
848 3546 1041 3626 factarum3

493 3647 606 3723 ‘Nos
624 3646 725 3710 dictae
748 3646 900 3710 ecclesias
917 3646 1134 3729 Anglicauae,
1152 3666 1195 3712 ac
1220 3649 1344 3740 nostri,
1361 3658 1396 3714 et

442 3765 579 3810 coronae
595 3753 735 3823 nostrae,
753 3754 787 3810 et
803 3745 922 3829 populi
938 3748 1036 3830 regni
1052 3748 1161 3810 nostri
1177 3747 1395 3832 jura,'prout
1497 3767 1498 3777 ¹

442 3846 590 3910 vinculis
610 3845 801 3930 juramenti
819 3847 1055 3928 astringimur,
1069 3846 1180 3912 illaesa
1197 3849 1394 3926 observare,

442 3953 478 4010 et
508 3947 750 4028 impugnantes
777 3967 894 4011 eorum
920 3946 1027 4031 juxta
1048 3966 1188 4012 suorum
1215 3948 1394 4027 demerita,

443 4065 483 4110 ac
530 4045 674 4110 sormam
715 4054 750 4114 et
787 4053 938 4111 tenorem
975 4048 1222 4131 provisionum,
1258 4049 1397 4114 ordina-

542 4279 549 4308 ¹
567 4276 709 4344 ‘regnuna'
721 4281 782 4331 MS.
913 4277 918 4348 Ι
1040 4277 1051 4312 ²
1066 4282 1183 4346 Illegible
1195 4284 1221 4332 in
1232 4285 1289 4336 MS.
