3036 5032
419 445 486 516 184Ι
770 465 810 516 n.
838 463 1053 516 nunruuru.

420 624 551 709 scripta
577 624 755 691 indentata
784 625 937 689 nondum
966 619 1252 708 apponebantur;
1305 621 1375 690 sci·

421 725 502 790 licet
519 725 611 810 quod
629 745 690 788 rex
709 723 848 808 Angliae
862 725 1005 790 haberet
1026 745 1146 790 omnes
1161 735 1272 792 terras
1287 746 1372 792 suas

422 825 568 891 ducatus
599 823 811 909 Aquitaniae,
842 845 930 908 quas
962 825 1030 892 sibi
1058 846 1121 890 rex
1157 827 1370 892 Francorum

422 926 552 1011 injuste
569 934 809 1009 usurpaverat,
827 925 937 990 siren
955 925 1094 1009 Angliae
1117 934 1229 993 totum
1252 928 1313 1012 jus
1336 935 1374 992 et

423 1026 605 1103 clamenm,
634 1027 757 1109 quibus
789 1046 931 1108 regnum
965 1026 1121 1092 Franciae
1154 1029 1372 1106 vendicabat,

424 1128 497 1210 regi
524 1127 736 1192 Francorum
765 1127 954 1192 remitteret
976 1144 1017 1192 ac
1037 1127 1294 1211 inperpetuum
1320 1149 1374 1193 re-

425 1227 615 1292 nunciaret.
666 1227 778 1310 Super
803 1246 873 1309 quo
902 1228 1043 1310 negotio
1067 1247 1111 1291 ex
1145 1235 1246 1312 parte
1277 1231 1374 1312 regis

425 1326 564 1410 Angliae
595 1326 691 1391 missi
719 1334 802 1391 sunt
826 1327 997 1392 solemnes
1026 1329 1141 1393 nuncii
1168 1329 1211 1393 ad
1239 1330 1372 1394 curiam

425 1427 644 1502 Romanam
686 1427 857 1504 videlicet,
889 1427 1047 1492 dominus
1084 1428 1258 1494 Henricus
1298 1431 1374 1494 dux

425 1527 651 1605 Lancastriae,
685 1527 880 1592 Richardus
916 1548 1032 1593 comes
1066 1528 1247 1608 Arundell,
1281 1531 1374 1596 Wil-

404 1628 562 1693 lielmns
598 1628 782 1712 episcopus
819 1627 1066 1707 Norvvicensis,
1105 1639 1141 1696 et
1180 1629 1297 1696 Guido
1332 1632 1376 1696 de

427 1729 534 1793 Briau
570 1729 681 1805 miles,
719 1736 760 1793 ut
800 1729 959 1797 dominus
995 1748 1087 1813 papa
1123 1731 1250 1795 dictam
1294 1752 1375 1796 oon·

261 1854 388 1894 suriana
425 1829 578 1893 cordiam
599 1828 841 1894 confirmaret:
868 1830 942 1907 scd,
962 1829 1043 1894 dolo
1064 1838 1100 1895 et
1116 1829 1236 1895 fraude
1254 1828 1376 1897 Gallo-

261 1905 351 1995 llll.
426 1949 514 2005 rum,
539 1930 665 2011 quihus
684 1928 817 2012 jugiter
837 1929 1072 2008 adhaerebant,
1094 1951 1165 1994 una
1187 1952 1265 1996 cum
1292 1945 1377 1998 con-⁷

424 2029 579 2094 niventia
591 2028 720 2094 domini
737 2049 849 2112 papae,
862 2049 884 2093 a
896 2031 1077 2094 concordia
1092 2041 1146 2096 est
1161 2030 1378 2098 discessum.¹

425 2130 505 2194 Rex
532 2150 612 2195 vero
630 2130 898 2208 Edwardus,·ex
921 2130 988 2194 hoc
1015 2150 1084 2195 non
1114 2132 1287 2196 modicum
1312 2153 1377 2198 ex-

424 2236 618 2314 asperatus,
636 2229 777 2314 copioso
799 2230 954 2296 exercitu
980 2239 1203 2314 congregato,
1231 2251 1378 2316 regnum

427 2332 639 2396 Francorum
670 2330 851 2396 confestim
878 2331 1035 2408 intravit,
1062 2339 1099 2396 ct
1123 2332 1207 2396 illud
1239 2344 1379 2401 vastare

425 2432 544 2515 coepit.
588 2430 667 2507 Sed,
690 2431 808 2496 audita
832 2431 992 2514 captione
1014 2431 1195 2511 Bercwici,
1216 2432 1319 2501 rediit
1341 2438 1378 2500 in

412 2530 612 2614 ·Angliam;
640 2539 676 2596 et
693 2531 907 2596 Berewicum
934 2529 977 2596 de
1006 2532 1187 2596 Scotorum
1220 2535 1380 2602 manibus

427 2631 600 2696 liberavit.
1084 2677 1087 2682 -

479 2731 559 2811 Quo
587 2731 703 2796 etiam·
720 2752 822 2810 anno,
849 2733 935 2798 feria
965 2734 1068 2799 tertia
1100 2735 1137 2798 in
1165 2734 1381 2802 hebdomada

429 2832 668 2910 Pentecostcs,
681 2831 864 2898 Avinoniae
878 2832 1047 2899 combusti
1063 2841 1145 2900 sunt
1156 2836 1224 2900 duo
1237 2836 1381 2901 Fratres

429 2932 597 3009 Minores,
628 2952 692 3014 pro
730 2934 935 3016 quibusdam
964 2936 1116 2999 erroneis
1150 2937 1382 3018 opinionibus

427 3040 532 3115 prout
559 3033 697 3097 domino
730 3053 830 3116 papae
856 3043 892 3100 et
923 3035 996 3100 suis
1027 3035 1259 3100 cardinalibus
1288 3038 1382 3102 vide-

267 3155 328 3194 ara·
427 3131 557 3198 batur.l
608 3132 676 3197 Illo
700 3133 829 3216 quippe
854 3153 945 3198 anno
974 3136 1116 3216 grandis
1137 3136 1262 3201 seditio
1290 3137 1382 3202 inter

265 3204 409 3307 hildilid
429 3232 536 3298 laicos
570 3240 606 3297 et
636 3232 811 3298 scholares
843 3234 991 3299 Oxoniae
1030 3241 1084 3300 est
1116 3243 1260 3316 exorta;
1301 3257 1380 3302 nam

266 3307 307 3344 and
317 3305 409 3344 scholare

267 3356 384 3396 nonna
430 3333 520 3409 laici,
553 3332 701 3397 collecta
733 3334 952 3399 multitudine
991 3336 1144 3400 virorum
1186 3337 1229 3400 de
1266 3339 1382 3421 patria

428 3433 752 3514 circumadjacente,
777 3433 816 3497 in
839 3434 1013 3499 scholares
1040 3437 1254 3501 atrocissime
1275 3437 1383 3502 irrue-

430 3539 531 3597 runt:
593 3533 760 3615 quosdam
803 3533 1082 3612 vulneraverunt,
1134 3546 1169 3601 et
1212 3538 1379 3620 quosdam

429 3633 614 3697 crudeliter
650 3641 878 3715 peremerunt.
947 3633 1130 3700 Postremo
1162 3656 1256 3716 vero,
1290 3639 1382 3702 bona

429 3752 547 3797 eorum
574 3733 786 3816 diripientes,
811 3753 870 3798 eos
896 3735 939 3798 de
956 3735 1040 3799 villa
1066 3736 1185 3818 fugere
1210 3738 1381 3820 compule-

429 3840 521 3897 runt.
590 3832 738 3915 Propter
762 3834 854 3929 quod
887 3834 1039 3910 Oxonia,
1069 3837 1105 3898 in
1139 3843 1274 3919 postea,
1308 3846 1383 3904 erat

429 3934 612 4016 supposita
629 3933 863 3998 ecclesiastico
887 3934 1083 3999 interdicto.
1130 3936 1291 4014 Domum,
1316 3955 1383 4006 me·

465 4140 801 4207 ¹SeeKnighton,260'l-8.
919 4144 989 4194 there
1012 4160 1079 4194 were
1102 4145 1159 4196 four
1180 4147 1209 4196 ot⁴
1234 4149 1312 4212 them,
1333 4151 1383 4199 and

919 4216 990 4277 gives
998 4215 1040 4265 the
1051 4215 1132 4266 heads
1142 4217 1171 4265 of
1183 4217 1249 4267 their
1263 4220 1382 4270 heretiool

464 4281 620 4346 ²llnighton
647 4285 808 4346 erroneously
833 4299 894 4346 says
918 4286 1046 4347 doctrlne;
1068 4302 1113 4349 pp.
1124 4291 1242 4340 aeto-10.
