3010 5030
264 1582 371 1626 edward·

264 1638 326 1675 letter
334 1634 411 1674 orden·
472 1669 479 1683 ‚

264 1696 316 1726 soce
331 1689 353 1724 to
365 1685 402 1724 the

265 1737 318 1785 king
331 1735 356 1775 ot

266 1788 353 1826 hanes.

416 491 485 554 104
756 507 1024 556 Α..ΜυηιΜυτΗ.

421 668 593 744 fecissent,
632 673 667 731 et
700 666 817 732 villam
851 668 1035 750 cepissent.
1106 664 1163 730 Illi
1197 683 1280 729 vero
1311 663 1371 745 qui

421 775 617 844 evaserunt,
638 767 754 831 villam
787 769 898 832 sancti
927 766 1045 832 Omeri
1069 767 1309 841 intraverunt3
1338 770 1373 828 et

422 868 473 931 ita
497 867 645 931 finaliter
664 869 810 933 victoria
835 869 1000 932 remansit
1023 887 1101 931 cum
1124 866 1216 931 dicto
1233 865 1373 930 domino

424 967 579 1032 Roberto
609 976 644 1033 et
669 967 752 1045 suis,
778 989 841 1051 per
865 956 1075 1053 adjutorium
1102 967 1173 1030 Dm
1202 973 1239 1030 et
1266 965 1374 1030 auda·

424 1069 513 1132 ciam
530 1065 769 1149 Anglicorum.

474 1167 555 1231 Rex
582 1178 698 1232 autem
723 1167 925 1244 Edwardus‚
947 1167 1101 1232 existens
1126 1168 1162 1230 in
1197 1166 1374 1230 obsidione

425 1268 576 1358 ciyitatis
593 1268 823 1333 Tomacensis
840 1287 918 1331 cnm
939 1287 1066 1350 magno
1084 1268 1250 1344 exercitu,
1267 1267 1375 1348 scrip-

425 1369 471 1431 sit
506 1367 669 1451 Philippo
704 1368 746 1434 de
777 1368 923 1450 ValoyS,
957 1369 1017 1450 qui
1056 1387 1093 1432 se
1129 1367 1221 1430 dixit
1257 1387 1374 1448 regem

428 1469 595 1546 Franciae,
613 1469 793 1551 epistolam
812 1467 984 1533 Gallicam
1000 1468 1091 1532 infra
1107 1469 1270 1550 scriptam
1283 1468 1310 1549 t]

478 1568 618 1651 ‘Philip
634 1569 677 1632 de
690 1569 836 1652 Valoys,
848 1589 912 1651 par
928 1569 1011 1650 long
1035 1577 1145 1650 temps
1161 1586 1281 1633 avoms
1298 1586 1376 1650 pur·

427 1688 481 1732 sur
512 1689 575 1751 par
605 1668 728 1734 devers
761 1689 846 1733 vous
876 1688 940 1752 par
969 1687 1156 1750 messages,
1189 1681 1224 1732 et
1260 1675 1377 1731 toutes

428 1777 545 1832 autres
573 1769 666 1833 voies
690 1789 758 1852 que
785 1788 873 1833 nous
890 1769 1031 1833 savions
1053 1768 1262 1844 resonables,
1285 1787 1307 1831 a
1331 1767 1378 1830 fin

429 1889 496 1952 que
516 1889 600 1934 vous
618 1889 704 1934 nous
722 1867 915 1934 ¹vousittez
935 1869 1032 1934 avoir
1049 1869 1157 1933 rendu
1173 1876 1272 1932 notre
1286 1868 1379 1931 droit

429 1969 585 2051 heritage
613 1970 656 2034 'de
683 1970 852 2047 Fraunce,
878 1969 911 2034 le
934 1969 1034 2052 quale
1061 1989 1147 2033 vous
1176 1987 1263 2033 nous
1292 1987 1379 2033 avez

429 2069 512 2151 long
530 2077 642 2152 temps
657 2070 795 2147 detenu,
813 2077 849 2134 et
865 2088 887 2133 a
902 2078 1029 2151 graunt
1044 2077 1115 2134 tort
1132 2089 1272 2151 occupo.

481 2171 554 2235 ‘Et
581 2189 647 2252 pur
675 2191 737 2235 ceo
765 2190 832 2253 que
856 2189 920 2234 nos
944 2189 1061 2235 veoms
1091 2171 1170 2234 bien
1198 2189 1265 2252 que
1292 2188 1380 2233 vous

431 2277 522 2335 estes
547 2291 590 2334 en
614 2278 752 2336 entente
774 2271 816 2334 de
839 2290 1037 2353 perseveret
1057 2290 1099 2334 en
1117 2277 1234 2335 vostre
1255 2269 1379 2354 injuri-

432 2390 516 2435 ouse
543 2371 681 2449 detenu,
707 2359 788 2435 sans
817 2391 905 2434 nous
937 2369 1022 2434 faire
1053 2390 1179 2434 resoun
1209 2370 1251 2433 de
1282 2378 1380 2446 notre

433 2471 635 2552 demaunde,
671 2490 786 2535 sumes
823 2490 910 2535 nous
938 2478 1054 2535 entrez
1082 2490 1125 2534 en
1152 2471 1187 2535 la
1221 2479 1311 2535 terre
1339 2470 1382 2534 de

435 2571 626 2635 Flaundres
669 2591 765 2636 come
797 2572 957 2654 seigneur
986 2571 1145 2635 soverain
1172 2571 1317 2655 dycelle,
1347 2579 1383 2636 et

433 2691 554 2755 passez
583 2691 704 2755 parmy
726 2672 759 2736 le
784 2691 892 2755 pays3
922 2678 958 2735 et
977 2691 1062 2736 vous
1090 2672 1280 2754 signifioms
1315 2691 1385 2755 que

434 2773 505 2855 pris
521 2792 672 2855 ovesque
693 2767 792 2836 l'aide
817 2779 916 2836 notre
931 2771 1120 2836 Snrcnncn
1144 2770 1168 2835 J
1171 2788 1238 2836 nso
1258 2771 1384 2848 Gniss,

435 2880 471 2936 et
493 2879 591 2936 notre
609 2872 711 2951 droit,
729 2891 881 2956 ovesque
911 2872 1075 2954 lepoeur
1096 2872 1129 2936 le
1154 2873 1206 2936 dit
1229 2891 1327 2956 pays,
1349 2881 1385 2937 et

436 2992 586 3056 ovesque
614 2993 677 3037 nos
709 2981 811 3056 gentz
837 2979 872 3036 et
899 2972 997 3036 allies
1021 2973 1206 3054 regordant
1236 2974 1268 3038 le
1293 2973 1387 3038 droit

436 3093 503 3155 que
528 3093 616 3136 nous
646 3092 765 3138 avoms
793 3093 815 3137 a
844 3073 878 3137 la
904 3072 1070 3156 heritage,
1092 3093 1159 3156 que
1183 3093 1270 3138 vous
1298 3093 1386 3138 nous

436 3173 578 3237 detenez
592 3193 614 3237 a
630 3172 751 3238 ⁹notre
767 3179 846 3238 tort

487 3278 497 3306 ‘
518 3273 618 3337 Nous
645 3294 733 3337 nous
758 3271 913 3337 'troions
933 3292 1011 3336 vers
1028 3291 1091 3337 vos
1108 3293 1174 3356 pur
1190 3282 1313 3339 metter
1338 3274 1387 3337 fin

438 3393 498 3436 sur
533 3382 649 3438 nostre
682 3373 861 3437 droituriel
891 3373 1070 3455 chalenge,
1103 3374 1133 3437 si
1168 3394 1253 3439 vous
1287 3375 1386 3439 volez

438 3474 639 3556 approcher.
692 3474 737 3538 Et
759 3494 823 3556 pur
849 3493 910 3537 ceo
938 3493 1005 3557 que
1036 3473 1066 3538 si
1088 3482 1191 3554 grant
1217 3476 1318 3558 ponir
1343 3475 1389 3540 de

440 3581 542 3656 gentz
569 3574 756 3638 assemblez
779 3593 846 3657 que
864 3575 960 3638 vient
976 3574 1019 3637 de
1037 3580 1136 3638 notre
1161 3583 1251 3658 part,
1269 3583 1389 3658 etque

440 3674 537 3737 biens
567 3672 748 3756 4guidoms
782 3694 849 3757 que
889 3694 973 3740 vous
1020 3682 1174 3738 amenetz
1206 3676 1249 3740 de
1289 3684 1390 3740 votre

440 3785 530 3856 part,
547 3795 588 3838 ne
613 3794 650 3838 se
678 3783 820 3857 putrent
842 3776 909 3839 mie
930 3774 1128 3856 longement
1146 3776 1235 3839 tenir
1255 3796 1391 3840 ensem-

367 3913 369 3918 ·
441 3874 496 3937 ble
522 3894 604 3938 sanz
639 3875 724 3938 faire
756 3875 836 3956 gres
863 3874 1100 3939 destructioun
1128 3895 1173 3938 au
1202 3876 1326 3959 people
1356 3885 1393 3940 et

479 4123 486 4153 ¹
503 4127 511 4154 ‘
518 4127 664 4189 vousissez‚'
677 4128 776 4191 Rymer.
962 4122 972 4154 ³
989 4125 1116 4186 ‘treoms,'
1128 4125 1227 4188 Rymer.

962 4193 970 4221 ⁴
982 4195 1114 4257 ‘quidoms
1125 4210 1174 4257 que
1185 4211 1249 4245 vous
1261 4195 1394 4262 avierrez,'

479 4265 489 4294 ²
503 4268 617 4330 ‘vostre,'
630 4268 728 4332 Rymer.
927 4266 1026 4330 Rymer.
