3036 5032
478 493 736 542 conrrnunrro.
1014 473 1079 540 175

122 652 244 735 pulata
267 651 346 716 duci
374 649 578 730 Britanniae,
601 649 880 716 sed¹immature
902 649 1078 715 demedio

124 760 177 818 est
195 753 346 816 sublata,

175 943 287 1010 Auno
305 945 447 1010 Donum
469 963 693 1024 mcccxnv„
710 956 745 1011 et
769 948 862 1030 regis
884 947 1078 1032 Anglorum
1092 968 1172 1008 wara

126 1045 291 1110 Edwardi
307 1045 403 1109 tertii
416 1061 514 1123 xm,
531 1045 705 1110 Henricns
723 1047 948 1126 Lancastriae,
965 1069 1080 1114 comes
1092 1020 1195 1068 m„

125 1147 312 1229 Derbeyae,
337 1145 374 1207 in
392 1145 602 1210 Vasconiam
634 1146 883 1225 transfretavit,
899 1167 975 1213 cum
1001 1167 1079 1213 sex·

125 1247 237 1310 centis
255 1245 450 1310 hominibus
474 1265 648 1311 armorum
668 1247 881 1331 totidemque
904 1249 1078 1331 sagittari·

125 1366 245 1420 orum3
272 1345 332 1428 qui
348 1345 459 1430 primo
473 1345 604 1410 insultu
620 1348 739 1411 urbem
756 1347 1019 1414 munitissimam
1036 1349 1080 1414 de

126 1444 322 1528 Briggeralr
358 1446 461 1529 cepit.
519 1446 590 1510 Hic
618 1463 672 1511 xr.
697 1447 829 1512 nobiles
857 1449 892 1511 in
919 1467 961 1513 ea
984 1449 1077 1512 exis·

127 1554 253 1624 tentes,
266 1554 302 1611 et
314 1546 430 1629 plures
445 1544 535 1612 alios
544 1545 587 1609 de
595 1546 737 1629 plebeiis
748 1547 853 1612 etiam
867 1548 1076 1630 captivavit:

127 1649 230 1711 urbes
254 1646 408 1730 insignes
434 1654 469 1711 ct
493 1646 593 1712 villas
618 1647 713 1725 inibi,
739 1667 881 1712 numero
907 1649 1077 1731 quinquu-

127 1745 228 1830 ginta
251 1766 328 1825 sex,
345 1745 438 1829 regis
465 1745 604 1828 Angliae
629 1747 754 1811 ditioni
784 1756 820 1813 et
843 1747 1078 1833 jurisdictioni

128 1847 268 1932 adjecit.
335 1847 484 1912 Damam
512 1853 593 1930 post
624 1847 822 1919 exercitum,
853 1848 1079 1927 Francorum,

127 1964 206 2012 curn
236 1967 341 2012 manu
370 1947 487 2012 valida
516 1945 616 2029 apud·
634 1945 823 2012 Allebroch
838 1977 841 1984 ¹
855 1957 976 2013 contra
1001 1967 1079 2012 cunr

128 2048 337 2125 venientem,
371 2046 558 2112 contrivit:
599 2048 712 2131 captis
745 2048 917 2113 nobilibus
951 2065 1079 2125 xxm,

129 2143 209 2212 c'urn
232 2148 311 2212 aliis
327 2147 413 2212 viris
441 2165 613 2212 armorum
635 2147 836 2227 innumeris,
853 2147 975 2212 ceteris
999 2167 1079 2212 vero

128 2256 192 2313 aut
218 2247 337 2330 gladio
361 2246 559 2332 peremptis,
585 2255 647 2312 ant
669 2249 816 2330 turpiter
832 2249 868 2313 in
890 2248 1079 2331 fugamco·

130 2346 245 2414 actis}

182 2448 228 2513 In
243 2448 332 2512 festo
348 2447 603 2513 Translationis
623 2447 735 2511 sancti
753 2446 909 2526 Thomae,
925 2468 988 2514 rex
1008 2449 1077 2514 Ed·
1092 2472 1182 2512 neena

128 2549 269 2614 wardus
297 2548 474 2630 ingressus
497 2554 552 2612 est
577 2566 683 2626 mara,
706 2547 946 2629 ignorantibus
968 2551 1078 2614 omni·
1091 2533 1230 2612 mm

130 2650 197 2714 bus
226 2649 298 2713 suis
320 2667 485 2731 quorsum
506 2647 673 2712 tenderet.
725 2647 793 2712 Sed
813 2649 951 2719 tandem
972 2649 1079 2716 ductu
1092 2625 1178 2674 '⁰⁸³⁶'

130 2749 312 2834 cujusdam
329 2749 447 2813 militis
459 2746 520 2812 ³de
536 2747 746 2825 Harecourt,
756 2750 917 2832 nuperde
933 2749 1081 2814 Francia

129 2851 298 2931 exlegati,
332 2849 369 2912 in
407 2848 552 2914 australi
585 2856 685 2930 parte
719 2847 958 2925 Normanniae,
986 2850 1080 2932 apud

132 2950 280 3032 Hogges
289 2949 396 3034 juxta
408 2949 604 3032 Sequanam
615 2947 741 3012 flumen
758 2947 936 3031 applicuit.
970 2947 1081 3012 (lado-

131 3071 227 3115 mum
243 3057 279 3115 et
299 3049 385 3113 alias
403 3050 506 3114 urbes
530 3048 702 3131 spoliavit,
723 3047 811 3111 unde
830 3048 885 3110 sui
902 3048 1081 3131 quamplm

132 3152 275 3220 rimum,
294 3157 376 3214 sunt
397 3149 520 3214 ditati:
557 3168 675 3212 verum
707 3148 789 3230 quia
806 3146 1001 3230 Philippus,
1018 3165 1081 3210 rex

133 3245 306 3327 Franciae,
337 3257 461 3333 pontes
487 3248 666 3313 fluminum
694 3248 922 3329 undecunque
947 3247 1082 3312 conire·

130 3357 245 3433 gerat,
258 3369 302 3413 ne
319 3349 493 3414 exercitus
511 3349 555 3412 ad
568 3348 713 3412 invicem
731 3355 875 3431 possent
885 3348 1082 3430 confligere,

131 3471 196 3515 rex
213 3449 406 3515 Edwardus
426 3448 673 3514 Normanniarn
687 3448 895 3531 penetravit,
914 3449 1001 3512 etin
1018 3467 1082 3512 suo

132 3551 283 3616 transitu
300 3549 497 3614 Picardiam
520 3548 729 3614 devastavit.
762 3547 919 3612 Tandem
937 3558 999 3611 rex
1016 3547 1083 3611 Ed·

133 3651 287 3728 warduS,
309 3651 450 3714 veniens
476 3647 679 3726 Pusianum,
694 3647 842 3711 fractum
864 3655 1002 3730 pontem
1020 3647 1085 3711 ibi·

168 3816 177 3847 ¹
193 3817 350 3868 ‘immature’
361 3819 384 3868 is
396 3817 481 3866 Hall’s
493 3816 596 3866 amend-
619 3815 777 3878 ledgement3
800 3816 846 3864 but
864 3813 896 3862 he
914 3815 974 3863 does
992 3819 1037 3862 not
1048 3814 1085 3863 al-

128 3891 164 3940 ed
182 3890 289 3952 reading
308 3889 347 3938 lor
364 3887 495 3951 ‘matura’
512 3886 596 3936 which
620 3900 692 3947 ways
707 3884 792 3934 follow
811 3885 854 3933 the
872 3889 947 3933 exact
962 3884 1037 3933 order
1058 3885 1084 3931 in

129 3959 312 4010 occursinthe
324 3958 385 4008 MS.
620 3955 704 4004 which
719 3954 761 4003 the
780 3955 878 4003 several
895 3958 980 4003 events
998 3969 1083 4003 occur.

168 4027 274 4092 'Nota
296 4029 350 4077 that
371 4028 434 4076 from
452 4027 504 4076 this
526 4026 596 4088 point
619 4026 673 4074 The
685 4024 850 4088 Hypodigma
862 4024 990 4072 Neustriae
1002 4037 1083 4072 seems

130 4099 307 4162 Walsingham
324 4099 371 4146 has
382 4096 535 4146 mansferred
546 4095 596 4144 and
620 4100 646 4144 to
663 4095 727 4144 have
750 4095 814 4144 been
836 4092 998 4143 abbreviated
1020 4093 1084 4141 from

130 4170 252 4232 enlarged
263 4169 350 4229 nearly
361 4167 403 4217 the
414 4167 496 4216 whole
511 4167 540 4215 oi
554 4165 596 4214 the
620 4181 667 4214 our
677 4164 775 4215 author.

129 4246 187 4290 text
208 4239 237 4288 of
255 4254 302 4288 our
324 4237 422 4298 author,
444 4237 503 4299 and,
522 4251 551 4284 as
573 4237 595 4284 is
655 4229 1085 4292 ⁸Hullhas‘ad‘inhistext,but

130 4311 208 4360 usual
217 4309 279 4359 with
291 4308 353 4372 hirn,
359 4308 467 4357 without
478 4305 595 4356 acknow·
620 4310 691 4355 notes
702 4304 756 4354 that
767 4305 808 4354 the
816 4303 876 4352 MS.
885 4307 1007 4352 warrants
1019 4302 1085 4351 ‘da'
