3036 5032
489 491 747 540 courmunrro.
1029 477 1092 540 181

145 675 147 679 ’
167 655 169 660 ’
190 648 295 727 Item,
312 648 376 713 hoc
401 667 491 713 anno
518 649 605 714 obiit
630 648 747 713 Simon
772 649 817 713 de
843 649 1092 732 Byrchestone,

139 750 250 814 abbas
279 749 604 830 westmonasterii3
637 751 693 813 cui
716 749 880 816 canonice
910 771 971 834 per
1003 752 1087 815 eleo·

140 851 269 914 tionem
282 851 448 916 successit
463 851 571 916 frater
587 851 706 915 Simon
722 852 765 918 de
781 851 974 934 Langham.
1021 852 1092 917 Hic
1104 870 1177 910 simon
1187 871 1213 910 aa

140 959 248 1016 tantae
287 952 465 1017 industriae
511 957 546 1016 et
584 952 901 1035 circumspectionis
939 952 1018 1030 suit,
1058 921 1224 1018 etiiiiiiss.

140 1058 248 1117 tantae
285 1052 456 1117 facundiae
492 1052 624 1130 micuit,
667 1053 760 1134 quod
796 1072 859 1118 rex
899 1053 1092 1118 Edwardus
1152 1127 1155 1135 ¹

140 1151 222 1217 secit
248 1173 328 1218 eum
350 1153 619 1219 Thesaurarium
637 1151 788 1234 Angliac,
810 1162 846 1219 et
867 1174 936 1217 non
957 1154 1092 1219 canoel-

140 1253 276 1322 larium.
342 1254 428 1320 Post
466 1261 645 1336 promotus
683 1261 737 1320 est
774 1255 818 1318 ad
854 1255 1091 1338 episcopatum

141 1353 327 1432 Eliensem,
359 1363 395 1420 ct
425 1362 508 1419 tunc
534 1353 647 1418 factus
675 1355 901 1421 cancellarius
928 1352 1090 1437 Angliae3

141 1454 275 1536 deinde,
299 1460 446 1520 vacante
472 1454 553 1520 sede
576 1453 831 1532 Canthariensi‚
854 1455 899 1518 ad
920 1455 1016 1519 illam
1039 1464 1093 1521 est

141 1553 365 1631 ¹translatus;
384 1555 532 1632 demum,
543 1562 717 1620 crescente
731 1555 806 1639 ejus
818 1554 922 1633 fama,
930 1556 1092 1620 Urbanus

140 1675 233 1738 papa
254 1657 396 1738 quintus
411 1656 600 1738 assumpsit
614 1676 692 1720 eum
709 1656 744 1719 in
760 1657 998 1739 presbyterum
1017 1676 1092 1720 car-

141 1756 292 1821 dinalem
313 1757 407 1822 tituli
423 1757 536 1821 sancti
553 1756 657 1822 Sixti.
682 1755 864 1821 Postremo
881 1776 964 1822 vero
980 1757 1093 1820 sactus

142 1857 326 1939 episcopus
371 1857 611 1922 Praenestinus
657 1878 719 1940 per
757 1858 933 1922 dominum
965 1878 1092 1941 papam
1166 1861 1168 1870 '

144 1957 353 2040 Gregorium
382 1958 470 2037 XL,
494 1957 647 2041 obiitque
670 1956 853 2023 Avinoniae
879 1955 950 2042 [dic
974 1961 1091 2041 xxm]

141 2059 271 2123 mensis
287 2057 310 2122 J
313 2059 376 2122 ulii
391 2079 482 2124 anno
499 2058 642 2122 Douuu
657 2056 912 2126 iucccmxxv.

193 2159 301 2223 Obiit·
319 2161 424 2224 etiam
455 2160 520 2225 hoc
543 2179 636 2223 anno
659 2159 823 2238 Michael,
850 2161 957 2250 abbas
980 2159 1092 2224 sancti

143 2259 289 2340 Albani3
308 2261 363 2324 cni
380 2261 547 2325 successit
564 2259 672 2324 frater
686 2259 839 2325 Thomas
852 2261 895 2325 de
910 2261 945 2324 la
960 2257 1091 2337 ³More,

143 2361 238 2442 prior
264 2361 307 2424 de
338 2358 524 2445 ⁴Tyneme,
555 2361 610 2425 vir
637 2362 738 2426 honae
761 2361 1031 2426 conversationis
1057 2368 1093 2424 et

142 2468 274 2527 sanctae
295 2461 400 2529 vitae:
424 2462 563 2545 quidam
583 2468 699 2526 tamen
715 2461 898 2540 affirmant,
925 2461 1018 2545 quod
1033 2462 1093 2526 isti

144 2562 211 2627 duo
239 2563 383 2628 abbates
414 2564 574 2628 obierunt
604 2581 695 2627 anno
726 2564 944 2645 praecedenti.
997 2561 1093 2627 Obiit
1106 2581 1209 2621 reaten

143 2663 247 2727 etiam
265 2663 385 2728 eodem
411 2683 503 2728 anno
526 2663 693 2745 magister
714 2663 867 2728 Thomas
895 2664 937 2729 de
964 2663 1093 2728 Brade-
1106 2632 1234 2744 {lathi

143 2765 299 2846 nordys,
325 2765 381 2828 cni
411 2784 474 2847 per
500 2763 702 2829 electionem
733 2765 902 2830 successit
928 2765 1094 2847 magister
1106 2735 1163 2774 ‘¹¹⁸⁰'

143 2864 261 2931 Simon
284 2863 327 2928 de
342 2864 468 2946 Islepe.

193 2964 296 3042 Item,
319 2964 384 3030 hoc
408 2985 499 3030 anno
522 2985 600 3046 curn
622 2984 750 3048 magna
765 2965 985 3029 veneratione
999 2965 1093 3030 facta
1106 2985 1240 3026 renarro„

143 3074 195 3130 est
244 3065 426 3131 translatio
469 3066 580 3130 sancti
621 3066 778 3144 Thomae,
816 3064 1093 3130 Herefordiensis
1106 3036 1257 3126 tiilililih

1035 3138 1038 3144 '
1106 3139 1129 3178 ol
1138 3137 1248 3178 Heretord.
1329 3129 1357 3180 l]

143 3167 306 3249 episcopi,
332 3173 503 3248 praesente
527 3186 608 3249 rege
631 3187 709 3231 curn
732 3165 907 3231 nonnullis
938 3167 1093 3231 ecclesiae

143 3267 307 3349 praelatis,
331 3267 496 3350 regnique
520 3268 701 3346 nobilibus,
725 3275 761 3332 et
783 3267 861 3332 aliis
879 3262 1040 3350 ⁵plcbeiis
1057 3268 1093 3331 in

144 3368 361 3432 multitudine
389 3368 542 3450 copiosa.
1047 3383 1049 3390 ·

186 3468 268 3533 Hoc
292 3488 427 3551 quoque
451 3488 541 3532 anno
567 3469 772 3534 factumest
798 3469 949 3534 duellum
970 3469 1005 3532 in
1033 3489 1095 3551 pa·

145 3570 226 3634 latio
249 3569 342 3650 regis
371 3569 463 3651 apud
485 3569 848 3647 westmonasterium,
874 3571 965 3634 inter
986 3569 1095 3633 domi-

176 3720 246 3773 1Οιι
257 3722 365 3772 Simon's
381 3723 532 3772 translation
544 3725 607 3773 Hull
669 3721 803 3788 ³‘Mare,’
814 3725 875 3775 MS.
921 3725 984 3773 This
1000 3725 1023 3772 is
1041 3738 1097 3784 pro·

143 3799 213 3844 notes
223 3793 266 3842 the
277 3791 409 3854 following
421 3793 532 3843 distich:
634 3795 711 3857 bahly
733 3795 776 3844 the
793 3795 902 3844 Thomas
926 3795 959 3844 de
981 3795 1008 3842 la
1024 3794 1097 3843 More

196 3863 424 3926 ‘Laetenturcoeli,
635 3865 720 3915 whose
748 3865 824 3915 ‘Life
853 3866 882 3928 oi
906 3865 1019 3913 Edward
1041 3865 1098 3926 II.,’

213 3935 283 3986 Quia
293 3934 380 3982 Simon
391 3935 481 3983 transit
493 3934 525 3982 ab
537 3935 590 3997 Eli,
634 3937 734 3985 written
749 3936 884 3998 originally
894 3936 921 3984 in
932 3935 1040 3996 French,
1050 3935 1097 3984 has

213 4005 294 4067 Cujus
306 4006 338 4053 ob
350 4005 486 4053 adrentum
634 4008 698 4055 been
714 4006 850 4068 published
867 4008 901 4068 hy
912 4006 1026 4056 Camden
1039 4007 1066 4054 in
1081 4020 1098 4054 a

248 4076 323 4124 Flent
360 4088 365 4100 ·
635 4078 709 4126 Latin
719 4078 827 4126 version.

213 4216 241 4264 Μ
244 4145 410 4264 ᾗῗίἒᾚωω
422 4216 428 4238 ,
669 4177 679 4206 ⁴
696 4179 760 4229 Hell
771 4182 929 4242 conjectures
937 4179 1098 4241 Twineham;

178 4281 188 4310 ²
206 4287 248 4335 He
265 4287 325 4336 died
342 4287 368 4336 in
382 4252 456 4351 laio,
473 4287 608 4349 according
635 4251 680 4300 'le'
694 4250 884 4313 Chrisoehuoeh’
896 4251 988 4300 chts.

146 4360 170 4403 to
181 4356 300 4408 Godwin.
671 4351 681 4380 ⁵
698 4355 831 4417 ‘plebeis'
845 4354 905 4404 MS.
