3010 5030
254 655 329 696 'I'errns
337 655 361 694 ot

255 707 292 746 tbe
299 711 365 748 truso.

416 465 482 530 142
758 481 794 527 Α.
814 477 1029 527 nunruu‘rrr.

416 638 515 718 ginta
546 636 679 700 diebus.
754 635 854 710 Item,
889 635 981 718 quod
1015 653 1134 698 omnes
1165 636 1371 700 incarcerati

416 745 452 802 et
469 736 563 819 capti
579 736 658 800 binc
683 742 717 800 et
741 735 830 811 inde,
848 741 883 800 et
908 735 1025 800 omnia
1049 735 1140 800 bona
1162 743 1278 818 capta,
1307 735 1371 800 dn·

416 845 515 900 rante
538 835 737 902 sufferentia
763 855 825 918 per
851 834 963 899 dictos
992 835 1148 898 dominos
1179 836 1370 900 cardinales

416 956 525 1018 nuper
545 935 648 1016 facta,
676 934 849 1011 videlicet,
874 953 896 998 a
917 935 971 998 die
988 935 1170 999 Dominioo
1187 941 1268 1000 ante
1285 935 1369 1000 sest-

417 1053 475 1100 um
508 1037 621 1100 saneti
644 1035 820 1100 Vincentii
848 1035 1007 1116 proximo
1036 1034 1152 1099 futuro
1180 1054 1290 1118 usque
1325 1035 1369 1098 ad

416 1134 507 1200 diem
530 1142 748 1217 praesentem,
765 1133 993 1200 extrahantur
1009 1152 1031 1197 a
1053 1153 1190 1199 carcere
1211 1143 1247 1198 et
1262 1135 1369 1198 libere

417 1235 646 1312 dimittantur,
662 1242 699 1298 et
718 1233 918 1311 reddantur,
937 1235 974 1298 in
993 1241 1160 1316 quantum
1181 1235 1286 1299 fuerit
1315 1253 1370 1298 ra-

418 1335 531 1400 tionis.
584 1335 687 1412 Item,
721 1333 826 1418 quod,
848 1333 1052 1398 durantibus
1090 1334 1192 1398 dictis
1226 1335 1371 1417 treugis,

417 1435 521 1499 nullae
553 1434 736 1508 nodatos,
777 1453 839 1498 neo
870 1433 1064 1516 misprisiae,
1095 1433 1182 1498 fiant
1217 1435 1261 1498 ab
1299 1454 1372 1499 una

417 1541 516 1616 parte
550 1541 669 1598 oonba
701 1533 818 1610 aliam,
845 1533 882 1598 in
922 1533 1159 1616 praejudicium
1197 1534 1371 1599 dictarum

417 1640 629 1717 treugarum,
655 1641 690 1700 et
713 1639 901 1716 respectus.
963 1633 1065 1711 Item,
1085 1633 1190 1716 quod.
1204 1634 1289 1698 dicti
1311 1635 1373 1699 do·

418 1734 501 1801 mini
533 1733 764 1818 coadjutores
796 1733 985 1817 adjutores,
1011 1740 1046 1797 et
1074 1734 1209 1815 alligati
1239 1753 1371 1811 eornm,

418 1835 614 1916 quicunque
640 1834 722 1909 sint,
740 1833 965 1897 remanebunt
989 1835 1025 1897 in
1050 1833 1112 1898 tali
1142 1834 1371 1916 possessione,

419 1939 454 1996 et
470 1933 507 1997 in
525 1934 587 1998 tali
610 1933 749 2009 seisina,
765 1933 802 1998 in
818 1951 888 2016 qua
909 1940 1001 1997 sunt⁴
1014 1932 1127 2010 bodie,
1147 1935 1190 1997 de
1212 1935 1372 1999 omnibns

418 2033 529 2110 bonis,
546 2032 658 2110 terris,
684 2040 719 2098 et
747 2033 1033 2114 possessionibus,
1065 2052 1144 2116 quae
1172 2041 1304 2111 tenent,
1336 2043 1372 2100 et

419 2134 675 2216 acquisiverunt
701 2151 840 2215 quoquo
862 2132 977 2209 modo,
999 2133 1130 2215 treugis
1154 2134 1371 2199 durantibus.

421 2232 522 2312 Item,
550 2233 642 2316 quod
674 2232 776 2298 dictis
807 2233 937 2314 treugis
971 2233 1174 2298 durantibus
1198 2233 1281 2297 dicti
1312 2234 1374 2299 do-

419 2333 720 2416 mini'adjutores,
745 2339 781 2396 et
805 2332 1037 2416 coadjutores,
1061 2340 1096 2398 et
1122 2333 1256 2414 alligati
1281 2333 1372 2416 ipso·

421 2453 509 2510 rum,
526 2434 721 2516 quicunque
744 2432 826 2509 sint,
844 2432 995 2515 poterint
1017 2433 1066 2496 ire
1091 2452 1210 2497 secure
1239 2433 1282 2497 de
1304 2453 1374 2498 una

421 2533 536 2614 patria
567 2532 610 2596 ad
645 2532 758 2598 aliam.
822 2532 870 2596 Et
900 2551 1018 2598 omncs
1044 2540 1264 2610 mercatores,
1296 2553 1374 2597 cum
1496 2551 1497 2616 r

421 2633 578 2695 omnibus
603 2651 720 2694 eorum
752 2633 966 2709 mercaturis,
999 2640 1035 2696 et
1066 2634 1176 2696 omnis
1204 2635 1374 2697 maneries
1496 2621 1497 2634 ἶ

422 2733 589 2811 gentium,
609 2731 788 2808 bonorum,
811 2739 846 2796 et
868 2732 1115 2814 provisionum,
1130 2738 1203 2798 tam
1223 2752 1288 2815 per
1304 2741 1373 2798 ter·

422 2850 509 2909 ram,
544 2850 647 2914 quam
673 2851 735 2914 per
758 2849 884 2914 aquam
911 2839 948 2897 et
971 2851 1034 2914 per
1056 2851 1160 2909 mare,
1184 2832 1236 2896 ita
1267 2833 1374 2898 libere

423 2931 514 2996 sicut
540 2932 697 2997 solebant
719 2933 835 2996 venire
859 2939 894 2996 et
925 2933 976 2996 ire
1001 2940 1156 3014 tempore
1182 2933 1375 3015 praedeces·
1434 2997 1435 3000 ,

423 3049 539 3096 sorum
572 3031 742 3096 dictorum
785 3050 917 3115 regum,
954 3030 1121 3096 solvendo
1153 3032 1303 3114 pedagia
1340 3041 1375 3098 et

424 3133 575 3214 vynagia
607 3150 685 3213 quae
716 3139 883 3196 consueta
914 3138 995 3196 sunt
1026 3132 1181 3214 integre;
1217 3134 1374 3215 exceptis

423 3231 575 3296 bannitis
601 3231 645 3295 de
671 3232 772 3296 dictis
802 3231 929 3314 segnia,
945 3242 1007 3295 aut
1034 3231 1151 3315 aliquo
1176 3232 1373 3309 eo'rundem,

423 3350 486 3412 pro
526 3332 603 3396 aliis
645 3332 760 3394 causis
799 3350 903 3413 quam
940 3345 1003 3413 prb
1042 3350 1167 3412 guerra
1204 3331 1374 3396 dictorum

423 3451 553 3512 regum.
605 3430 673 3496 Sed
698 3432 843 3494 barones
865 3431 907 3494 de
923 3431 1116 3508 Britannia,
1131 3438 1167 3495 et
1185 3431 1227 3495 de
1246 3433 1376 3496 ducatu

423 3529 635 3614 Aquitaniae,
658 3537 694 3593 et
716 3529 794 3593 aliae
818 3549 974 3612 personae
997 3530 1040 3594 de
1056 3531 1244 3606 Vasconis,
1272 3539 1309 3596 et
1334 3533 1376 3597 de

423 3631 517 3696 dioto
540 3631 681 3705 ducatu,
700 3629 865 3716 [banniti]
884 3630 939 3695 vel
956 3631 1028 3707 alii,
1045 3629 1378 3713 comprehendantur

424 3732 459 3795 in
478 3731 580 3796 dictis
595 3730 738 3810 treugis
760 3740 794 3793 et
812 3737 974 3812 poterunt
991 3731 1042 3794 ire
1065 3737 1100 3795 et
1115 3732 1232 3796 venire
1248 3731 1292 3794 de
1308 3751 1377 3797 una

425 3831 539 3913 patria
556 3830 599 3894 ad
617 3829 731 3906 aliam,
746 3829 948 3895 durantibus
964 3830 1066 3894 dictis
1082 3832 1225 3912 treugis

476 3929 597 4004 ‘Item,
623 3929 714 4011 quod
745 3929 800 3994 die
829 3931 979 3994 crastina
1005 3931 1107 3995 diotae
1141 3937 1274 4012 treugae
1305 3933 1376 3996 sint

425 4029 647 4113 proclamata>
683 4030 719 4094 in
759 4029 861 4094 dictis
906 4027 1040 4094 duobus
1074 4027 1303 4111 exercitibus3
1343 4038 1378 4096 et

426 4136 609 4194 tencantur
633 4147 692 4193 eas
719 4137 835 4193 tenere
868 4138 904 4194 et
931 4131 1115 4194 observare
1145 4149 1263 4194 omnes
1289 4151 1379 4213 prae·

427 4237 554 4307 sentes,
580 4236 615 4293 et
641 4229 700 4293 aiii
727 4230 787 4312 qui
818 4249 876 4294 eas
905 4231 992 4296 scire
1024 4236 1187 4313 poterunt
1212 4237 1247 4294 et
1273 4230 1377 4295 debe-
