3010 5030
417 479 482 544 134
766 497 801 544 Δ.
822 495 1039 545 uuaruuru.

256 668 384 761 pmcn
420 652 580 716 comitem
613 651 799 729 Devouiae,
826 663 861 717 et
888 654 1053 717 baronem
1080 653 1123 717 de
1149 651 1312 728 Stafford,
1341 658 1378 716 et

256 732 357 820 dunis
420 752 594 817 dominum
611 752 823 817 willelmum
846 750 889 816 de
907 751 1086 836 Kellesby,
1109 771 1187 817 cnm
1209 753 1378 835 quingen-

421 853 466 917 tis
480 853 622 916 armatis
640 861 675 918 et
691 853 784 916 mille
808 852 1012 934 sagittariis,
1027 853 1064 916 in
1087 852 1317 928 Britanniam,
1342 851 1380 914 in

421 952 630 1036 adjutorium
638 953 823 1016 comitissae
837 952 1023 1035 praedictam
1039 953 1100 1035 qui
1110 951 1248 1016 fuerunt
1261 951 1379 1034 parati

422 1052 515 1134 apud
539 1052 762 1118 Portesmutb
789 1072 867 1116 cum
889 1053 1001 1117 classe
1023 1052 1155 1116 boreali
1179 1058 1214 1116 et
1232 1050 1380 1115 australi

424 1154 460 1216 in
494 1151 614 1234 vigilia
645 1152 757 1217 sancti
789 1151 979 1229 Laurentii,
1005 1161 1146 1218 ventum
1176 1169 1379 1234 prosperum

424 1259 661 1334 expectantes,
676 1259 712 1316 et
734 1252 770 1314 in
785 1252 904 1333 vigilia
925 1249 1185 1334 Assumptionis
1202 1250 1380 1333 sequentis

424 1353 589 1433 navigare
613 1358 803 1434 coeperunt.
856 1350 936 1431 Quo
955 1351 1009 1416 die
1024 1348 1285 1433 Assumptionis
1311 1370 1376 1414 rex

424 1451 564 1532 Angliae
587 1451 624 1514 in
642 1452 727 1516 turri
745 1451 1002 1517 Londoniarum
1026 1451 1108 1516 fecit
1127 1451 1267 1534 nuptias
1288 1449 1379 1514 cele·

424 1552 517 1614 brari
533 1552 625 1616 inter
646 1551 853 1628 Lionellum,
867 1552 975 1614 filium
990 1549 1160 1630 ¹tertium,
1184 1556 1219 1614 et
1243 1549 1378 1614 Isabel·

425 1650 506 1728 lam,
524 1650 631 1715 filiam
653 1657 688 1714 et
711 1649 881 1716 haeredem
901 1649 1036 1717 comitis
1065 1651 1217 1715 Ultoniat
1244 1650 1288 1714 de
1311 1649 1379 1713 Hi·

423 1751 556 1827 bernia,
573 1751 743 1814 decimum
760 1750 875 1816 aetatis
889 1769 962 1816 suae
978 1770 1107 1814 annum
1126 1757 1311 1832 agentmm
1336 1750 1381 1814 ad

424 1869 513 1933 quas
529 1850 670 1932 nuptias
687 1858 856 1915 venerunt
879 1856 950 1915 tres
974 1850 1100 1914 fratres
1123 1850 1382 1933 praedicatoren,

425 1950 521 2013 missi
549 1969 611 2031 per
641 1950 728 2014 duos
757 1949 961 2028 cardinales,
989 1950 1122 2014 scilicet
1146 1968 1208 2032 per
1234 1948 1380 2013 Petrum

425 2049 624 2132 episcopum
663 2049 916 2126 Penestrinum,
946 2056 982 2114 et
1023 2048 1243 2126 Ambaldum,
1273 2068 1381 2131 prope

425 2149 613 2213 marchiam
644 2149 817 2214 Flandriae
840 2153 1103 2226 commorantes,
1131 2148 1175 2212 ad
1205 2148 1381 2213 habendas

426 2248 546 2312 literas
568 2249 684 2330 regias
706 2269 770 2332 pro
792 2269 829 2313 se
855 2257 891 2313 et
911 2248 1069 2312 ducentis
1094 2247 1312 2330 equitaturiS,
1336 2248 1380 2312 ad

427 2348 673 2412 transeundum
706 2368 813 2426 mare,
842 2356 878 2413 et
905 2348 1045 2430 Angliae
1066 2367 1209 2430 regnum
1235 2349 1380 2426 intrare,

428 2455 464 2511 et
485 2447 529 2510 ad
552 2448 771 2512 tractandum
794 2467 872 2512 cum
899 2467 980 2529 rege
1002 2447 1045 2511 de
1066 2467 1152 2531 pace
1172 2447 1228 2512 vel
1246 2456 1381 2530 treuga.
1498 2457 1499 2503 l

429 2547 476 2610 Et
501 2548 621 2611 statim
656 2567 719 2610 rex
747 2547 842 2612 misit
868 2568 930 2630 pro
958 2548 1229 2630 archiepiscopo,
1253 2547 1298 2612 ad
1320 2547 1380 2611 de-

428 2645 641 2710 liberandum
666 2666 743 2710 curn
766 2667 807 2710 eo
828 2647 871 2710 de
892 2647 1050 2725 diversis
1068 2653 1103 2712 et
1123 2654 1238 2711 utrum
1264 2654 1381 2712 esseut

427 2744 626 2827 hujusmodi
653 2745 763 2810 literae
791 2747 1029 2811 concedendae.
1094 2747 1141 2811 Et
1171 2747 1292 2811 habita
1318 2746 1379 2811 de·

428 2844 631 2909 liberatione
678 2845 823 2910 duorum
870 2846 1015 2924 dierum,
1056 2846 1244 2929 respondit,
1288 2847 1380 2928 qnod

427 2943 502 3026 ipse
540 2965 604 3009 rex
633 2945 744 3010 voluit
774 2965 915 3028 parcere
949 2945 1102 3028 ipsorum
1136 2946 1312 3011 laboribus
1344 2952 1381 3009 et

428 3046 601 3128 expensiS,
617 3065 657 3110 ac
682 3046 773 3109 infra
797 3064 927 3129 paucos
944 3045 1017 3108 dies
1041 3046 1077 3108 in
1092 3064 1200 3126 regno
1219 3045 1379 3110 Franciae

427 3143 551 3208 babere
575 3145 785 3227 colloquium
811 3165 888 3209 curn
913 3144 1065 3223 eisdem3
1089 3145 1278 3227 praesertim
1302 3163 1380 3210 cum
1458 3188 1461 3196 -

426 3243 486 3307 diu
509 3251 591 3308 ante
613 3244 799 3308 adventum
832 3244 1000 3308 dictorum
1023 3243 1169 3308 fratrum
1201 3244 1245 3308 ad
1268 3251 1381 3308 trans·
1495 3287 1496 3292 κ

427 3343 577 3406 eundum
606 3343 643 3407 in
664 3342 848 3406 Franciam
877 3363 915 3407 se
944 3351 1115 3426 parasset,
1138 3363 1241 3424 quem
1268 3351 1381 3408 trans·

426 3443 514 3507 itum
547 3461 617 3505 non
652 3442 766 3524 potuit
798 3441 1041 3524 praedictorum
1069 3443 1293 3507 cardinalium
1321 3463 1382 3508 ex·

343 3577 356 3596 a
428 3541 623 3623 pectationc
641 3539 784 3604 differre.

479 3640 565 3703 Post
603 3641 794 3722 praemissa,
820 3638 913 3705 circa
942 3649 1085 3706 octavas
1109 3640 1381 3724 Assumptionis,

381 3780 383 3784 -
427 3746 595 3804 venerunt
623 3747 740 3803 nautae
770 3747 806 3805 et
830 3740 953 3819 literae,
990 3743 1105 3806 missae
1137 3741 1277 3806 domino
1311 3744 1383 3824 regi
1493 3743 1494 3750 ’

427 3859 488 3922 per
505 3839 663 3903 comitem
683 3839 987 3924 Nortbamptoniae
1018 3850 1054 3904 et
1080 3840 1233 3922 collegas
1260 3841 1382 3924 ipsius,

426 3939 603 4021 inquibus
626 3939 878 4018 continebatur,
894 3940 985 4022 quod
1007 3948 1082 4004 tota
1108 3940 1228 4004 classis
1251 3961 1382 4018 eorum,
1492 3963 1493 3996 r

426 4057 504 4120 quae
532 4039 731 4103 continebat
752 4041 919 4104 ducentas
944 4041 1130 4122 sexaginta
1156 4059 1264 4104 naves
1293 4061 1382 4125 prae·

778 4244 786 4278 ¹
804 4247 937 4310 ‘tenuem,’
948 4237 1008 4298 MS.
