3010 5030
399 477 465 540 llo
731 491 1006 540 nuumuuru.

238 652 362 742 ffiffigg
401 649 540 716 assidue
562 647 803 724 distrahamur,
822 655 938 712 temen
961 667 1038 711 cum
1065 645 1247 710 discordia.
1263 646 1356 711 inter

236 753 366 840 ΨΜ·
403 759 438 817 te
470 758 505 816 et
532 750 736 834 praeclarum
760 749 959 832 Philippum
988 767 1103 830 regem
1123 746 1166 810 de
1193 747 1356 824 Francia,

404 851 539 916 affinem
570 858 727 915 nostrum
757 850 1003 934 praedilectum,
1042 869 1085 912 ex
1118 867 1189 930 qua
1203 899 1207 906 .
1222 849 1286 911 tibi
1323 855 1359 912 et

404 961 466 1018 tuo
500 971 608 1034 reguo
633 951 888 1034 quamplurima
922 968 1147 1032 personarum
1180 957 1215 1013 et
1240 968 1357 1012 rerum

405 1052 596 1136 dispendia,
613 1053 690 1134 ipsa
704 1071 783 1115 uon
805 1051 938 1128 sedata,
952 1051 989 1114 in
1011 1050 1165 1114 futurum
1194 1054 1360 1132 poterunt

406 1154 555 1230 evenire,
576 1172 613 1217 se
636 1152 764 1217 nostris
786 1157 974 1235 praesentat
991 1150 1190 1227 obtutibus,
1210 1157 1360 1214 mentem

407 1259 560 1318 nostram
583 1252 766 1336 specialius
787 1253 897 1334 angit,
915 1257 951 1314 et
970 1251 1102 1316 excitat
1119 1257 1158 1313 ut
1175 1249 1218 1314 ad
1237 1249 1361 1314 tollen-

407 1354 487 1418 dam
509 1354 605 1417 illam
622 1354 774 1417 studium
793 1359 828 1418 et
847 1371 988 1435 operam
1010 1357 1138 1415 nostrae
1157 1349 1362 1415 sollicitudi-

408 1455 461 1518 nis
477 1472 702 1537 apponamus.

459 1554 628 1638 ‘Propter
643 1555 747 1637 quod,
761 1555 849 1618 scire
863 1561 897 1618 te
915 1553 1073 1618 volumus
1090 1553 1181 1637 quod
1194 1554 1362 1636 praefatus

410 1655 594 1738 Philippus
611 1655 654 1719 ad
678 1655 936 1737 requisitionem
954 1663 1107 1719 nostram
1127 1653 1222 1717 dedit
1248 1655 1361 1732 nobie,

410 1757 483 1821 suis
495 1757 617 1833 literis,
631 1762 839 1838 potestatem
852 1755 1022 1820 tractandi
1039 1756 1130 1819 inter
1142 1760 1176 1818 te
1186 1761 1221 1819 et
1235 1755 1363 1836 ipsum,

412 1864 447 1922 et
463 1856 679 1921 concordiam
696 1875 800 1938 super
815 1855 986 1920 discordia
1002 1856 1167 1919 intervos
1183 1851 1362 1922 suscitata.

463 1955 600 2036 ‘Quam
623 1957 728 2022 etiam
754 1956 817 2021 tibi
839 1965 874 2020 et
896 1964 957 2020 tuo
974 1975 1093 2038 reguo,
1112 1955 1266 2037 pensatis
1289 1955 1367 2030 dili·

413 2064 533 2141 genter
546 2059 705 2122 omnibus
720 2056 970 2122 conditionibus
984 2057 1065 2134 tuis,
1079 2063 1115 2120 et
1132 2054 1368 2138 ¹alligatorum

413 2166 562 2236 tuorum,
574 2159 811 2247 multipliciter
824 2158 988 2240 expedire
1001 2157 1190 2234 credentes
1206 2157 1369 2222 amicitiae

414 2265 483 2324 tuae
505 2259 885 2342 persuademus,teque
909 2257 1183 2340 cumdiligentia
1209 2256 1371 2322 exhorta-

414 2380 503 2437 mur,
520 2366 559 2424 ut
577 2359 621 2424 ad
647 2359 713 2424 hoc
736 2366 832 2424 tuum
854 2377 1032 2423 assensum
1057 2359 1225 2441 praebeas,
1243 2377 1312 2440 quo
1336 2365 1372 2423 te

416 2469 451 2525 et
477 2462 589 2544 ipsum
618 2478 781 2524 revocare
809 2478 987 2542 possemus
1012 2458 1055 2523 ad
1080 2458 1311 2536 concordiam,
1338 2466 1374 2523 et

416 2562 583 2626 intervos
603 2579 691 2624 verae
705 2560 801 2642 pacis
818 2561 949 2624 foedera
966 2559 1124 2624 ordinare
1136 2580 1157 2640 ;.
1171 2559 1214 2623 ad
1232 2577 1312 2641 quae
1329 2559 1373 2623 li-

416 2662 513 2726 benti
528 2661 644 2724 animo
660 2680 784 2725 vacare
810 2660 996 2738 volumus.
1010 2666 1045 2723 et
1069 2659 1266 2742 impendere
1290 2680 1373 2743 ope-

418 2782 498 2826 rosa
514 2761 753 2843 prosecutione
768 2762 916 2825 labores.

470 2860 539 2925 ‘Et
561 2862 598 2925 in
614 2880 683 2944 quo
698 2863 728 2925 si
746 2862 897 2926 consiliis
913 2860 1042 2924 nostris
1056 2859 1249 2924 consentire
1265 2866 1300 2925 et
1317 2881 1376 2925 ac-

420 2963 596 3045 quiescere
618 2962 781 3040 volueris,
796 2969 837 3026 ut
851 2981 1039 3045 speramuS,
1056 2961 1193 3044 placeat
1207 2961 1283 3038 tibi,
1303 2962 1374 3026 tuis

419 3063 541 3140 literis,
567 3063 666 3127 nobis
695 3063 777 3127 dare
802 3069 1010 3146 potestatem
1043 3062 1255 3143 praemissam
1283 3068 1377 3126 trac·

421 3163 520 3227 tandi
540 3164 769 3240 concordiam,
787 3169 822 3226 et
837 3169 977 3244 treugas
995 3160 1040 3225 ad
1055 3179 1184 3226 annum
1199 3162 1255 3227 vel
1277 3162 1377 3226 bieu-

421 3265 514 3328 nium
531 3264 723 3329 ordinandi.

472 3363 572 3428 ‘Nec
597 3373 632 3429 te
657 3369 795 3428 moveat
823 3363 975 3428 amicitia
997 3363 1099 3426 inter¹
1115 3370 1236 3426 noset
1260 3383 1382 3446 regem

425 3465 582 3529 Franciee
597 3463 800 3547 praedictum
814 3463 901 3528 inita
925 3470 960 3528 et
976 3469 1164 3529 contracta.
1218 3463 1312 3528 Nam
1333 3485 1381 3528 ex

424 3586 493 3649 quo
508 3572 547 3629 tu
563 3575 704 3646 treugas
726 3570 760 3628 et
777 3570 890 3629 certos
906 3563 1069 3628 terminos
1090 3563 1133 3626 ad
1158 3564 1382 3630 tractandum

424 3665 468 3730 de
483 3665 667 3731 concordia
683 3665 773 3729 inter
790 3671 825 3730 te
839 3671 874 3729 et
889 3664 1072 3747 praefatum
1088 3684 1204 3745 regem
1221 3665 1383 3730 Franciae

425 3767 590 3850 accepisti
607 3767 737 3849 absque
747 3772 866 3831 nostro
883 3765 985 3843 scitu,
1001 3763 1193 3842 voluntate,
1210 3772 1245 3829 et
1262 3783 1384 3830 assen-

426 3885 480 3943 su,
499 3868 541 3931 de
563 3865 707 3932 consilio
734 3874 932 3933 nostrorum
955 3866 1160 3948 principum,
1188 3865 1248 3949 qui
1276 3866 1383 3948 ligae,

427 3975 542 4050 pacta,
560 3983 596 4032 et
611 3969 754 4032 uniones
771 3975 909 4032 nostras
925 3974 1108 4044 noverunt,
1125 3967 1250 4048 quibus
1269 3967 1385 4032 visum

427 4067 531 4133 suerit
547 4069 639 4151 quod
659 4069 737 4146 hoc,
751 4069 850 4132 salvo
868 4067 998 4133 honore
1021 4074 1153 4144 nostro,
1168 4067 1282 4132 facere
1300 4087 1384 4150 pos-

742 4293 750 4322 ¹
767 4295 1051 4359 ‘obligatorum,’1ipm.
