3010 5030
268 696 335 736 letter.

429 455 493 518 122
761 469 796 517 A.
820 465 1034 514 uunruuru.

268 646 416 687 reserem
431 633 466 690 et
483 624 541 708 q'il
555 631 608 690 est
626 625 823 701 resuscitez,
839 631 875 689 et
888 625 979 700 vive,
998 629 1033 686 et
1048 641 1091 705 qe
1110 627 1186 688 tant
1201 621 1292 685 seint
1313 641 1386 686 cre·

431 733 530 790 eteur
552 744 648 790 come
671 725 698 789 il
724 731 789 802 est,
805 743 911 790 evera
936 739 997 788 nx.
1014 723 1156 786 femmes
1180 722 1320 805 puceles
1344 742 1384 786 en
1493 731 1494 738 ’

431 826 463 890 le
480 827 570 892 seint
588 825 733 908 Pareys.

480 926 544 990 ‘Et
561 947 627 1009 pur
643 946 704 992 ceo
721 932 754 989 te
771 923 983 991 comendons
999 922 1133 1005 sourle
1147 923 1246 1005 peine
1261 924 1305 988 de
1320 944 1383 992 no·
1445 983 1449 995 ,

429 1034 481 1090 tre
498 1026 566 1110 ley‚
584 1046 627 1109 qe
642 1047 685 1090 ne
708 1045 849 1109 reposez
870 1025 989 1108 jesqes
1012 1031 1085 1088 tete
1107 1024 1142 1089 la
1168 1023 1382 1091 Crestienete

427 1127 495 1193 soit
514 1125 642 1204 ¹h0nie,
654 1133 689 1192 et
702 1127 883 1192 destruite.
927 1125 974 1188 Et
991 1124 1124 1192 donons
1140 1144 1225 1206 poer
1237 1145 1276 1189 as
1294 1145 1382 1190 nous
1493 1181 1494 1196 q

427 1224 626 1310 AllfekynS‚
640 1235 675 1290 et
690 1246 730 1295 as
747 1246 810 1294 nos
822 1224 961 1302 AlfierS,
972 1221 1048 1308 q’ils
1064 1225 1219 1308 puissent
1233 1227 1381 1308 pardon-

428 1335 539 1392 neret
555 1347 729 1394 sermonen
746 1327 779 1396 le
800 1327 891 1392 seint
910 1345 980 1396 non
997 1325 1040 1390 de
1062 1345 1150 1388 ceux
1170 1325 1207 1408 qi
1222 1326 1380 1391 alerount

428 1435 547 1492 contre
569 1429 602 1492 le
617 1428 785 1495 Cristiens
811 1447 875 1510 peu
891 1427 989 1503 mier,
1003 1432 1040 1490 et
1061 1444 1125 1508 per
1147 1433 1249 1504 terre,
1265 1434 1301 1491 et
1317 1427 1378 1510 q’il

427 1536 528 1611 eyent
550 1530 705 1611 perdonn
722 1548 790 1610 pur
809 1547 878 1592 eux
906 1545 1063 1603 mesmes,
1080 1532 1116 1590 et
1141 1545 1206 1609 pur
1231 1543 1286 1592 x1.
1304 1546 1378 1610 per-

426 1647 527 1692 sones
541 1628 583 1696 de
600 1629 677 1695 leur
696 1629 848 1711 lignege,
862 1627 1009 1696 chescon
1024 1624 1137 1692 d’eux.
1190 1625 1329 1698 Auxint
1343 1634 1377 1694 te

426 1729 634 1793 comandons
652 1749 711 1792 sur
731 1729 765 1792 le
781 1731 924 1793 timurre
938 1727 980 1791 de
996 1733 1095 1792 notre
1110 1727 1179 1792 fort
1200 1747 1314 1810 espec,
1333 1747 1376 1810 qe

425 1836 500 1893 tute
514 1849 612 1894 muer
633 1849 655 1893 e
670 1837 747 1894 tout
771 1829 804 1892 le
820 1849 915 1911 puer,
931 1847 973 1910 qe
985 1827 1046 1912 jec
1074 1834 1108 1895 te
1138 1828 1171 1892 ai
1198 1827 1319 1906 donee,
1334 1828 1376 1891 de

425 1949 487 1992 cea
509 1929 545 1994 la
564 1950 647 2008 mer,
661 1938 700 1994 et
724 1929 767 1994 de
788 1930 834 2006 le,
861 1929 895 1995 le
919 1926 1037 2006 ⁹terre,
1057 1935 1094 1992 et
1119 1947 1162 2010 qe
1190 1935 1229 1993 tu
1253 1947 1376 1994 couree

426 2037 522 2094 toutz
535 2031 584 2094 les
597 2039 703 2095 terres
715 2031 759 2098 de
771 2030 959 2106 CreutienS,
970 2049 1035 2111 per
1045 2029 1142 2106 mier,
1153 2035 1188 2094 et
1199 2048 1262 2111 par
1271 2037 1371 2093 terre.
1493 2095 1494 2118 ἒ

426 2130 472 2194 Et
509 2151 596 2198 ceux
619 2133 655 2214 qi
685 2140 850 2208 murrent,
874 2129 934 2214 jeo
956 2130 1033 2194 leve
1054 2129 1089 2195 le
1110 2130 1215 2205 main,
1244 2128 1286 2193 de
1310 2149 1375 2212 per
1493 2127 1494 2190 3

426 2239 522 2296 notre
549 2233 638 2298 seint
663 2230 841 2310 Allceran,
864 2249 907 2312 qe
928 2230 1069 2297 dedeinz
1097 2229 1148 2294 les
1173 2229 1256 2293 treis
1274 2230 1374 2314 jenrs
1493 2231 1494 2256 ¹

424 2351 524 2414 apres
552 2339 684 2398 serrent
707 2332 903 2408 resuscitor,
933 2351 976 2397 en
1004 2331 1037 2397 le
1058 2331 1148 2402 seint
1179 2328 1304 2394 Peneis
1329 2331 1373 2398 du
1493 2331 1494 2336 ’

425 2432 616 2510 Mahcmet,
649 2452 775 2515 ovesqe
809 2433 904 2497 lours
937 2429 1079 2502 semmes
1111 2438 1147 2494 et
1180 2429 1275 2494 leurs
1312 2449 1371 2495 en-

420 2533 549 2610 fanntn,
566 2540 600 2598 et
616 2529 692 2614 q’ils
710 2539 911 2614 manger-ent
928 2532 1070 2613 bienges
1092 2530 1170 2607 mel,
1188 2532 1285 2609 bure,
1305 2531 1372 2601 leet

420 2641 455 2699 et
470 2633 660 2715 fourmage,
678 2640 715 2698 et
729 2633 877 2700 chescon
898 2632 1002 2701 d'enx
1027 2651 1132 2700 evera
1150 2631 1371 2706 V11.femmes
1493 2695 1494 2718 q

420 2734 570 2815 puoelesr
586 2753 651 2817 pus
668 2734 703 2799 la
720 2735 818 2817 quele
833 2735 925 2798 seint
948 2733 1008 2816 suy
1022 2744 1109 2798 nous
1123 2731 1271 2797 tendens
1286 2728 1370 2796 d'esf

421 2844 474 2898 tre
490 2835 597 2913 salve,
613 2854 702 2900 ceux
720 2836 755 2918 qi
780 2841 912 2900 seruent
933 2833 1033 2911 sorte,
1046 2840 1086 2898 et
1106 2832 1236 2896 debon
1252 2852 1370 2914 quecr.

421 2934 467 2998 Et
483 2954 571 3001 ceux
598 2937 634 3018 qi
660 2955 704 3000 ne
734 2941 878 3019 putrent
897 2934 980 3010 aler,
1007 2940 1042 2998 et
1064 2933 1205 2997 durrent
1227 2933 1271 3003 de
1294 2933 1371 3000 lour

422 3037 531 3114 avoir,
549 3035 624 3119 q'ils
644 3045 746 3120 eyent
765 3044 858 3100 ceste
875 3053 1022 3104 mesmes
1043 3033 1200 3117 pardunn
1226 3033 1370 3111 susdite,

420 3139 503 3200 auxi
517 3138 595 3202 bien
610 3157 707 3202 come
721 3137 765 3200 ils
781 3136 933 3205 eleesent
954 3153 1099 3200 mesmes
1116 3153 1140 3204 e
1161 3133 1199 3206 la
1214 3134 1367 3207 bataille.
1493 3121 1494 3148 ³

420 3235 466 3301 Et
485 3238 544 3321 jeo
566 3245 601 3302 te
617 3237 774 3313 cemanni,
789 3236 892 3306 noble
913 3235 977 3312 rei,
996 3241 1138 3318 pasteur
1159 3234 1220 3306 des
1234 3233 1368 3312 herbes,
1493 3275 1494 3314 5

419 3344 453 3401 et
477 3339 608 3405 bevour
622 3339 682 3402 des
698 3357 810 3402 eawes
827 3337 869 3405 de
885 3337 922 3402 ra
940 3335 1006 3422 [la]
1023 3336 1119 3412 mier,
1136 3341 1174 3398 et
1189 3335 1231 3400 de
1249 3355 1310 3401 cea
1324 3336 1367 3405 de

417 3438 453 3501 la
473 3459 553 3514 mer,
574 3445 610 3504 et
629 3439 811 3504 destruonr
825 3438 867 3506 de
891 3436 1071 3512 Cristiens,
1085 3455 1128 3518 qe
1151 3442 1190 3500 tu
1214 3443 1249 3500 te
1274 3455 1369 3502 mues
1493 3421 1494 3480 ἦ

415 3547 549 3606 rencost
567 3559 589 3602 e
605 3546 683 3604 tout
706 3539 740 3610 k
762 3557 846 3622 puer
867 3557 910 3620 qe
922 3537 982 3622 jen
997 3543 1058 3620 tay
1075 3535 1252 3614 comendo,
1266 3542 1303 3600 et
1327 3557 1369 3620 qe

418 3648 455 3704 tu
473 3647 507 3706 te
521 3640 595 3704 nois
614 3659 679 3722 par
694 3637 875 3710 Gilbalbar
889 3645 991 3726 notre
998 3637 1083 3721 joye
1096 3643 1267 3705 eventure
1282 3656 1367 3706 avec

418 3761 439 3804 e
457 3738 539 3804 clier
556 3739 694 3806 Chastcl
717 3741 759 3806 de
775 3739 862 3812 mult
888 3745 994 3822 grant
1009 3745 1120 3815 verm,
1135 3745 1171 3804 et
1188 3755 1308 3819 pessez
1334 3737 1368 3810 la

417 3842 502 3906 mier
516 3847 635 3908 contre
648 3841 682 3909 le
694 3842 746 3906 rei
759 3840 982 3923 d'Espeigue
996 3845 1035 3903 et
1054 3846 1172 3902 contre
1187 3837 1238 3902 les
1251 3845 1368 3904 autres

418 3940 604 4019 Cresu'enS,
622 3961 664 4024 qe
681 3942 768 4005 neiln
790 3941 891 4016 d'eux
910 3941 969 4006 nul
993 3940 1098 4003 merci
1114 3959 1156 4004 ne
1172 3945 1271 4022 pete3
1296 3958 1367 4002 mee

418 4062 460 4124 qe
482 4049 554 4106 tete
574 4042 609 4106 la
634 4041 830 4106 Crestiente
853 4042 921 4105 soit
951 4040 1129 4110 destruite.
1192 4039 1239 4104 Et
1266 4039 1365 4104 saites

452 4223 460 4256 ¹
479 4226 552 4274 From
569 4223 690 4285 ‘honnir,’
708 4229 734 4274 tn
757 4237 829 4272 curse
840 4238 883 4270 :-
943 4215 1064 4283 ²‘mier‚’
1074 4219 1134 4271 MS.

419 4298 504 4347 ‘Honi
516 4297 564 4344 soit
576 4295 619 4357 qui
630 4295 681 4344 me]
692 4311 709 4356 y
720 4292 815 4355 pense!
932 4315 940 4325 =
