3010 5030
496 455 717 502 onsonmon.
1018 436 1082 500 121

130 623 235 679 terres
252 614 295 677 de
310 611 511 689 Hermonis,
529 614 693 694 seignour
707 612 751 675 de
767 612 803 675 la
825 612 973 690 Dobble,
989 620 1024 676 et
1039 612 1083 675 de

131 716 179 778 les
204 713 359 779 Dobbles
375 710 418 776 de
439 713 474 776 la
501 713 584 776 mier
606 712 865 790 Mervaillouse,
883 714 1084 795 parteniour

132 816 171 879 de
187 815 239 879 les
253 814 384 891 fiebleS,
400 819 567 896 creyaunt
583 833 625 877 en
646 813 682 876 la
699 813 809 878 seinte
825 814 882 896 ley
896 813 939 876 de
958 813 1082 877 Maho-

132 923 211 993 met,
233 915 398 996 seignour
420 913 462 978 de
485 914 520 977 la
541 913 639 978 forte·
653 933 755 997 espee
777 913 820 977 de
847 912 954 997 Elyas
982 913 1084 978 etde
1122 899 1126 906 ”

134 1015 271 1099 Davyd‚
290 1015 325 1097 qi
346 1021 417 1089 tua,
435 1021 469 1078 et
493 1033 605 1096 coupa
620 1014 671 1078 les
688 1022 794 1079 testes
812 1014 855 1078 de
870 1029 959 1079 ceux
981 1015 1025 1078 de
1051 1015 1086 1078 la

133 1118 217 1181 eitee
236 1113 464 1197 ¹d'Auquire,
474 1121 509 1178 et
521 1114 572 1178 les
584 1113 743 1198 destruyt
760 1115 807 1178 du
821 1123 908 1191 tout,
924 1114 1086 1198 seignour

134 1217 173 1280 de
202 1215 363 1280 roialmes
384 1214 427 1278 de
449 1221 529 1278 tout
551 1215 584 1278 le
615 1214 750 1293 monde,
772 1216 814 1278 de
841 1223 1001 1280 creatour
1025 1213 1085 1278 ²en

134 1317 275 1395 evalet
292 1315 335 1379 de
361 1315 491 1399 parties
515 1313 641 1393 Hasia,
658 1314 828 1393 Hadriae,
846 1323 881 1380 et
904 1315 1085 1398 Heuropa,

134 1426 167 1482 et
189 1435 341 1482 vencour
361 1415 421 1480 des
446 1415 616 1494 boteilles,
643 1423 678 1480 et
702 1415 763 1480 des
786 1415 904 1481 hostes
924 1416 966 1480 de
985 1415 1085 1480 Cres-

134 1519 233 1596 tiens,
247 1522 283 1581 et
299 1515 342 1581 de
353 1523 448 1582 toute
459 1515 620 1580 roialmes
635 1517 681 1580 du
698 1516 844 1591 mound;
871 1535 890 1580 a
907 1517 969 1594 toi,
981 1517 1032 1580 roi
1044 1515 1087 1579 de

135 1618 333 1700 Belmaryn,
350 1617 476 1695 saluts,
492 1623 528 1680 et
544 1617 803 1682 comandament
819 1631 879 1681 su's
894 1617 930 1681 la
948 1618 1088 1681 timurre

135 1719 175 1783 de
189 1718 227 1782 la
243 1726 343 1782 notre
359 1717 428 1781 sort
444 1737 555 1800 espee.

182 1818 299 1883 ‘Nous
316 1823 351 1882 te
373 1817 513 1883 saceons
541 1817 700 1882 assaroir
717 1838 760 1901 qe
785 1819 837 1884 les
862 1826 961 1884 notre
986 1839 1088 1902 sages

136 1919 296 1984 Sarazins
323 1938 411 1983 nous
441 1919 544 1983 firent
570 1918 747 1996 entendre‚
769 1940 812 2002 qe
836 1928 919 1986 toun
942 1921 1001 1987 fitz
1029 1920 1088 1984 Pi·

136 2021 242 2085 chaco
269 2017 437 2084 l'eniaunt
462 2019 662 2096 honorable,
679 2019 833 2084 ohivaler
856 2022 925 2086 fort
947 2029 982 2086 et
996 2021 1089 2086 lieux

138 2122 248 2186 noritz
278 2120 320 2183 de
345 2120 436 2184 seint
457 2119 649 2197 Mahomet,
665 2138 687 2182 a
712 2121 748 2184 la
771 2129 890 2186 contre
912 2122 947 2186 la
973 2122 1027 2206 ley
1047 2123 1089 2186 de

140 2221 349 2298 Crestienes,
364 2220 407 2284 de
422 2220 459 2283 la
473 2221 530 2304 ley
545 2219 709 2298 maudite,
727 2223 855 2304 perdue
869 2229 905 2286 et
921 2222 1089 2288 desaven·

137 2331 226 2399 ture,
243 2322 279 2404 qi
295 2341 338 2385 ne
353 2328 476 2386 sanent
493 2328 630 2385 ooment
650 2320 694 2384 ils
709 2323 841 2400 vivent,
859 2342 919 2387 car
936 2323 979 2387 ils
994 2343 1091 2408 crey-

138 2431 194 2488 ent
217 2442 260 2486 en
277 2422 312 2486 la
332 2441 393 2485 sue
410 2421 511 2499 alme,
525 2421 601 2505 q'ils
625 2422 801 2504 appellent
818 2422 925 2506 Pape‚
945 2430 980 2488 et
996 2425 1091 2490 dient

20 2521 21 2524 ’
139 2523 195 2607 q'il
213 2531 267 2587 est
292 2522 490 2606 pardonour
516 2522 559 2586 de
581 2521 738 2606 pecches,
754 2531 789 2588 et
811 2526 853 2589 de
870 2545 931 2589 ceo
949 2533 1029 2590 sont
1049 2526 1092 2590 ils

139 2622 292 2706 ³enginis
310 2643 398 2706 pour
415 2623 449 2686 la
464 2643 632 2687 oreaunoe
649 2617 725 2705 q’ils
743 2625 887 2706 tignent.
939 2626 986 2691 Et
1006 2647 1094 2709 pour

140 2745 199 2789 ceo
218 2745 263 2807 qe
282 2724 316 2787 le
343 2724 396 2788 roi
418 2721 627 2807 d'Espaigne
647 2725 772 2789 auxint
789 2722 848 2809 q'il
864 2726 982 2790 devoit
1002 2736 1093 2792 estre

141 2831 260 2890 tenutz
285 2824 402 2889 vassal
426 2824 473 2888 du
494 2825 597 2901 droit,
617 2832 652 2889 et
679 2831 776 2890 toutz
802 2827 852 2890 les
878 2835 995 2891 autres
1024 2828 1094 2892 rois

140 2947 206 3008 qen
225 2925 350 2990 monde
373 2933 490 3003 sount,
507 2927 542 3008 qi
566 2933 705 3008 creyent
731 2947 773 2990 en
796 2928 868 2991 cele
883 2927 948 3009 ley,
965 2929 999 3010 qi
1014 2936 1095 2992 sont

140 3033 303 3091 encontre
330 3025 381 3089 les
404 3045 467 3089 nos
495 3026 668 3103 Serazins,
690 3027 726 3108 qi
757 3033 838 3090 sont
859 3027 992 3104 cheres,
1018 3034 1094 3092 net-

140 3135 205 3207 tes,
232 3134 268 3190 et
300 3133 484 3209 creyauntz
516 3146 558 3191 en
592 3126 624 3190 le
651 3127 742 3190 seint
765 3126 955 3204 Mahomet,
989 3134 1024 3191 et
1051 3147 1094 3190 en

140 3228 172 3292 le
211 3233 312 3292 notre
348 3225 438 3291 seint
472 3225 651 3304 Allcoran,
686 3233 722 3290 et
754 3235 891 3292 tuerent
920 3234 955 3292 et
994 3234 1096 3292 taunt

142 3329 232 3393 seint
264 3335 424 3391 oreatour
455 3346 550 3391 come
580 3334 654 3392 cest
684 3327 828 3392 enlaunt
853 3327 1017 3408 Pichaco,
1034 3337 1094 3394 ton

140 3430 210 3507 fitz,
243 3435 346 3493 taunt
373 3427 474 3492 noble
501 3447 598 3492 come
627 3428 652 3492 il
682 3428 757 3506 iert,
776 3437 811 3494 et
840 3430 869 3492 si
898 3429 933 3493 le
960 3437 1096 3496 tuerent

142 3530 356 3606 fauxement,
381 3547 445 3612 qar
461 3536 654 3594 autrement
671 3549 714 3592 ne
731 3531 886 3612 pourreit
901 3537 991 3595 estre
1007 3539 1096 3596 mort

142 3652 184 3696 en
210 3629 375 3708 bataille3
401 3637 435 3693 et
459 3629 518 3714 jeo
546 3630 617 3694 croi
647 3631 847 3709 rereiment,
873 3651 916 3714 qe
943 3651 1032 3714 pour
1061 3632 1096 3697 la

143 3733 252 3796 seinte
268 3749 435 3794 creeunce
458 3730 518 3813 q'il
540 3730 650 3795 tenoit
665 3751 708 3794 en
737 3731 769 3794 le
793 3733 883 3796 seint
906 3731 1096 3810 Mahomet,

143 3840 177 3896 et
193 3852 236 3896 en
255 3831 291 3894 la
306 3837 404 3894 notre
425 3831 515 3894 seint
532 3830 711 3909 Alienon,
728 3831 786 3913 q’il
809 3840 862 3897 est
888 3853 928 3894 en
952 3833 984 3895 le
1008 3834 1097 3897 seint

144 3933 292 4016 Parays,
320 3931 400 3996 bras
431 3940 466 3994 et
489 3932 569 3994 bras
597 3952 638 3997 co
666 3932 698 3995 le
724 3933 813 3996 seint
847 3930 1036 4010 Mahomet,
1062 3939 1097 3996 et

143 4031 362 4116 q’ils-mange
374 4032 524 4113 bienges,
540 4033 618 4109 mel,
635 4034 731 4109 bure,
756 4032 835 4109 leet,
854 4039 888 4096 et
906 4033 1096 4116 fourmage,

177 4207 183 4236 ¹
202 4212 219 4260 i.
229 4226 252 4259 e.
266 4206 411 4256 ‘d'Aeres.’
672 4204 682 4234 ⁸
699 4206 858 4268 persuaded?

176 4278 186 4308 ²
201 4283 248 4330 ‘en
261 4277 406 4341 avel,'-en
417 4279 480 4326 bes?
