3020 5030
444 468 488 533 64
789 487 823 534 Α.
841 485 1057 533 uunruurn.

444 652 642 726 personato,
658 662 760 727 quem
783 642 812 706 si
830 662 922 726 papa
938 641 1092 720 vidisset,
1109 658 1285 724 nunquam
1302 656 1390 713 eum,

444 750 484 808 ut
495 744 657 822 creditur,
672 745 715 808 ad
733 750 867 809 tantum
883 744 1015 827 apicem
1028 741 1267 827 promovisset.
1302 739 1391 802 Item

444 843 509 908 hoc
520 865 611 910 anno
627 852 783 909 mortuus
800 844 866 909 fuit
883 843 906 909 J
909 861 1051 920 oannes,
1066 842 1248 925 episcopus
1261 839 1391 904 Batho-

443 946 591 1020 niensis;
619 945 748 1010 etlicet
773 944 937 1027 magister
955 944 1162 1026 Radulphus
1184 942 1227 1006 de
1249 941 1391 1022 Selopia

444 1045 565 1111 fuisset
584 1045 798 1110 concorditer
814 1045 956 1124 electus,
972 1045 1207 1120 confirmatus,
1222 1050 1258 1107 et
1273 1059 1391 1106 conse·

444 1153 560 1210 cratus
577 1166 638 1229 per
658 1145 843 1223 Simonem,
860 1144 1143 1211 cantuariensem
1162 1143 1391 1224 archiepisco-

443 1266 539 1329 pum,
561 1254 682 1329 postea
699 1254 815 1311 temen
836 1247 872 1310 in
891 1247 987 1312 curia
1002 1246 1163 1310 Romane
1183 1264 1219 1308 se
1236 1242 1390 1318 redemit,

444 1355 483 1412 ut
501 1353 578 1411 rata
593 1354 709 1412 essent
731 1346 825 1411 facta
837 1346 879 1410 de
903 1347 992 1430 ipso,
1012 1366 1079 1412 non
1096 1347 1169 1410 sine
1186 1362 1315 1426 magna
1332 1362 1390 1425 pe-

444 1447 555 1511 cuniae
572 1448 779 1530 quantitate.
862 1474 868 1486 ·

494 1547 597 1627 Item,
619 1547 685 1614 hoc
710 1565 801 1612 anno
826 1567 919 1632 papa
941 1547 1023 1613 fecit
1056 1564 1181 1629 graves
1210 1560 1391 1628 processus

443 1647 569 1713 iterato
591 1655 713 1713 contra
735 1648 855 1713 ducem
879 1648 1052 1724 Bavariae,
1075 1647 1221 1712 electum
1244 1646 1390 1728 impera·

443 1755 564 1826 torem,
588 1755 623 1812 et
645 1756 766 1813 contra
787 1748 851 1812 sibi
879 1748 1112 1827 adhaerentes3
1139 1754 1176 1812 et
1200 1765 1265 1828 pro
1290 1742 1390 1809 susti-

442 1850 554 1916 nenda
579 1869 705 1930 guerra
727 1856 849 1913 contra
871 1869 960 1925 eum,
979 1867 1098 1913 omnes
1115 1847 1249 1911 fructus
1265 1842 1390 1911 benefi-

443 1950 572 2014 ciorum
595 1949 791 2014 vacantium
814 1969 875 2032 per
900 1948 1161 2033 quadriennium
1190 1943 1388 2010 reservavit.

282 2070 343 2110 nnn
353 2069 425 2110 orm.
445 2047 543 2114 ¹an
560 2068 662 2128 anno,
679 2069 727 2114 sc.
741 2066 802 2115 xv.
819 2048 874 2114 die
889 2049 912 2112 J
915 2049 1000 2125 unii,
1016 2049 1137 2130 regina
1152 2047 1317 2129 Philippa
1330 2063 1388 2128 pe-

282 2122 339 2160 word
348 2121 385 2162 tho

281 2171 356 2262 ἓξὲξ,
443 2151 532 2286 perit
549 2150 655 2214 filium
673 2169 773 2215 sunm
796 2149 1062 2232 primogenitum
1078 2149 1170 2231 apud
1185 2143 1390 2220 wodstock,

356 2249 362 2261 ‘
462 2257 497 2318 et
512 2258 657 2316 vocatur
674 2250 895 2316 Edwardum.

445 2440 603 2488 csrrrun
631 2424 1209 2507 R[0euRUs]nEMoRi'110-MAR1,
1237 2441 1281 2488 sn
1311 2437 1391 2488 sus·

494 2540 692 2589 PENDl'l'UR.
732 2542 824 2590 PAPA
860 2542 1053 2591 GONGESSI'I'
1095 2542 1179 2591 REGI
1222 2539 1392 2589 elicimus,

495 2641 621 2690 clusin
643 2641 777 2690 uonrrs
801 2626 1039 2708 n[ocne1]nn
1065 2642 1340 2692 uuerco-unm.

282 2813 433 2864 sperimus
494 2788 603 2856 Arno
624 2792 765 2856 Donnu
794 2807 1023 2869 mcccxxx„
1043 2792 1127 2856 dicti
1145 2810 1227 2856 vero
1244 2790 1391 2855 Joannis

283 2864 425 2964 llinildw
444 2911 544 2975 papae
570 2909 647 2972 xm,
675 2899 711 2958 et
736 2893 845 2976 ipsius
873 2891 1035 2959 Edwardi
1063 2909 1116 2956 111.
1143 2911 1164 2956 a
1190 2899 1391 2975 conquaestu
1496 2907 1497 2942 1

443 3000 581 3075 quarto,
609 2992 665 3059 die
679 2991 827 3059 Veneris
850 2993 1010 3076 proxima
1029 2999 1110 3075 post
1133 2993 1258 3056 festum
1281 2991 1392 3057 sancti

444 3092 562 3172 Lucae,
577 3094 643 3159 fuit
668 3095 934 3178 parliamentum
957 3093 1051 3178 apud
1069 3092 1307 3175 Notingham3
1336 3092 1394 3155 ubi

479 3317 486 3348 ¹
505 3320 575 3369 Here
595 3322 679 3372 Hall's
694 3324 731 3374 cd.
750 3322 801 3371 and
818 3322 906 3384 Magd.
932 3337 989 3372 rum
1000 3323 1184 3386 illiteratarum,
1195 3328 1221 3372 et
1231 3324 1280 3374 sibi
1298 3327 1395 3388 ignota·

444 3391 522 3440 insert
540 3391 583 3440 the
601 3392 688 3442 clause
704 3393 847 3455 respecting
864 3391 907 3441 the
932 3408 998 3456 rum,
1020 3393 1053 3442 ad
1079 3408 1168 3456 preces
1194 3393 1346 3459 principum,
1368 3403 1393 3449 et

443 3461 906 3524 conversionofthennti-pope,which
932 3464 1038 3513 aliorum
1051 3464 1084 3513 de
1100 3464 1184 3525 patria
1200 3478 1256 3527 sua,
1267 3467 1340 3516 utde
1356 3474 1394 3522 eis
1494 3497 1495 3506 =

443 3545 532 3580 occurs
549 3532 576 3579 in
591 3531 633 3581 the
645 3547 733 3582 course
745 3531 774 3582 oi
786 3533 828 3582 the
845 3547 908 3594 year
933 3533 953 3597 [‘
960 3534 1019 3584 inde
1028 3533 1104 3597 aliis,'
1110 3535 1175 3596 Reg.
1184 3534 1217 3586 A.
1225 3537 1317 3599 xv111.]
1329 3545 1395 3593 tace.

443 3602 573 3663 following
590 3602 617 3649 in
630 3604 696 3652 Cott.
710 3604 750 3652 Οἱ.
762 3603 805 3665 Ε.,
821 3604 908 3668 begin-
932 3619 1013 3668 amus,
1031 3619 1103 3654 suam
1121 3604 1225 3666 gloriam
1242 3609 1396 3664 maculavit!

443 3673 505 3734 ning
521 3671 596 3720 ‘Hoc
607 3685 673 3721 anno
688 3686 757 3735 papa
770 3672 908 3736 antipapa'
931 3674 985 3724 The
1002 3675 1088 3725 clause
1106 3675 1209 3724 ulluded
1225 3680 1251 3725 to
1266 3677 1356 3745 above,
1367 3699 1395 3734 as

443 3743 491 3792 &a
526 3742 552 3790 It
574 3742 597 3791 is
617 3741 734 3792 likewiss
756 3744 858 3793 omitted
881 3743 908 3794 in
931 3745 991 3794 well
1008 3760 1037 3794 as
1056 3745 1099 3795 the
1118 3745 1263 3809 preceding,
1280 3761 1324 3798 are
1341 3755 1395 3806 also

444 3812 511 3861 Har.
534 3815 599 3860 3836
621 3813 672 3862 and
690 3814 754 3875 Reg.
771 3813 805 3864 A.
822 3825 907 3877 xvim,
932 3814 991 3864 both
1002 3817 1115 3878 wanting
1131 3817 1159 3864 in
1171 3817 1246 3866 cord.
1258 3832 1300 3879 ap.
1314 3823 1396 3889 Hali,

443 3882 528 3931 which
549 3882 628 3932 insert
654 3883 696 3932 the
717 3883 846 3946 following
871 3885 909 3932 in-
931 3884 1016 3934 which
1024 3886 1071 3936 has
1079 3886 1206 3949 instead,‘
1212 3886 1271 3937 Hoc
1279 3903 1345 3943 auno
1353 3896 1395 3946 die

444 3953 525 4015 stead,
547 3954 693 4017 continuing
719 3953 762 4004 the
789 3959 907 4004 sentence
932 3955 1038 4006 Veneris
1060 3962 1117 4006 ante
1133 3957 1226 4006 festum
1244 3964 1325 4011 sancti
1343 3965 1394 4016 Bo-

444 4022 507 4071 from
518 4024 579 4084 ‘per
592 4025 785 4085 quadriennium
796 4039 908 4074 reserva-
931 4026 1024 4089 tulphi,
1035 4031 1110 4077 natus
1125 4031 1164 4076 est
1178 4029 1233 4090 regi
1248 4029 1317 4082 filins
1332 4049 1395 4086 suus
1492 4061 1493 4070 ¹

444 4091 556 4155 vit,'-‘
568 4094 614 4154 qni
635 4095 662 4144 in
683 4095 820 4156 primorum
841 4095 908 4144 fruc·
931 4097 1112 4159 primogenitus
1123 4098 1286 4150 sewardum

444 4168 526 4225 tunrn,
533 4163 696 4225 decimarum,
707 4166 907 4229 episcopatuum,

445 4238 471 4281 et
486 4233 592 4282 aliorum
608 4236 785 4284 beneficiorum
796 4251 907 4286 reserva-
966 4234 1085 4300 2‘quem
1101 4239 1163 4288 fecit
1172 4241 1256 4290 vocari
1272 4240 1395 4298 Edward.

445 4305 564 4368 tionibus,
579 4310 604 4354 et
619 4307 773 4367 promotione
789 4321 908 4369 persona·
931 4308 992 4372 um,’
1004 4308 1088 4358 Holl's
1097 4311 1134 4358 ed.
