3020 5030
484 500 704 551 csaosroos.
1028 489 1072 554 63

119 661 151 725 la
177 662 280 726 dame
310 660 353 725 de
369 660 483 745 Vescy
501 669 587 746 vynt
611 681 633 726 a
661 663 709 746 ly,
732 681 757 726 a
779 662 1013 746 Kensington,
1037 667 1070 730 el
1083 685 1212 786 maffia

119 770 375 839 corounement,
390 769 426 828 et
444 763 522 845 puis
538 781 560 827 a
575 760 744 842 Arundel‚
767 762 810 827 de
827 773 907 847 part
923 765 955 829 le
978 784 1069 831 erce·
1083 788 1232 828 emoriens.

7 847 8 936 Q
118 881 244 946 vesque
273 864 316 927 de
343 863 516 940 Everwih,
541 883 629 946 pour
656 872 767 928 costes
797 865 918 929 choses
945 874 1069 931 avant·

117 963 215 1027 dites
274 965 321 1028 Et
352 964 415 1042 dit,
445 983 488 1047 qe
518 984 565 1028 un
594 965 737 1047 Moigne
768 966 810 1030 de
839 964 1005 1045 Quarrer,
1035 975 1070 1032 et

116 1062 234 1128 Johan
258 1064 460 1148 Cymmygs,
491 1084 554 1128 son
585 1083 701 1149 cosyn‚
735 1067 876 1130 avolent
903 1067 1070 1149 aparaille

116 1184 181 1227 une
215 1165 309 1248 nyes,
343 1185 392 1228 un
424 1166 542 1248 bargo,
579 1186 647 1230 une
682 1167 788 1246 helel,
821 1167 953 1230 amenir
982 1187 1070 1232 soun

115 1264 216 1342 frere,
233 1275 269 1330 et
290 1265 338 1348 l'y,
354 1285 376 1330 a
397 1284 485 1330 soon
502 1266 633 1331 chastel
651 1265 693 1329 de
711 1266 879 1344 Arundel,
894 1274 929 1332 et
944 1268 1069 1352 dilloqs

116 1365 149 1428 la
180 1387 228 1430 ou
259 1367 360 1430 home
386 1367 453 1430 eist
483 1367 613 1431 ordine.
677 1366 722 1432 Et
748 1367 812 1446 dit,
838 1387 881 1450 qe
910 1368 952 1431 de
978 1377 1070 1433 ceste

117 1467 239 1531 choses
256 1467 469 1532 avant-dites
491 1467 515 1530 il
540 1468 592 1531 soi
607 1466 814 1532 discovereit
828 1487 849 1531 a
865 1467 922 1532 Sir
940 1468 1071 1530 Ε--

117 1567 158 1631 de
174 1567 416 1644 Mounchivet,
432 1574 468 1630 et
490 1586 512 1631 a
534 1566 557 1632 J
561 1586 644 1648 orgo
658 1567 701 1632 de
719 1567 843 1652 Percy.
882 1568 930 1632 Et
945 1569 1008 1644 dit,
1027 1589 1069 1654 qe

118 1667 165 1730 les
179 1667 300 1732 lettres
318 1668 423 1751 quelx
441 1667 466 1731 il
486 1667 531 1731 ad
546 1669 667 1732 envoie
686 1687 707 1732 a
722 1668 778 1733 Sir
796 1669 912 1748 Buges
930 1669 972 1733 de
990 1669 1071 1734 Bai-

118 1787 200 1831 ouse
219 1775 256 1831 et
270 1788 291 1832 a
306 1768 329 1831 J
332 1768 424 1832 ohan
443 1768 644 1846 Denroillie,
662 1769 797 1833 enselez
814 1769 856 1833 de
874 1788 962 1833 soon
984 1771 1070 1849 seal,

118 1868 175 1950 q'il
192 1868 244 1932 les
261 1869 409 1949 envoia;
437 1887 481 1951 qe
503 1869 539 1933 la
556 1889 625 1934 une
640 1870 742 1935 lettre
760 1869 813 1933 fut
830 1871 958 1952 escript
975 1870 1018 1936 de
1036 1871 1071 1934 la

118 1988 220 2051 meyn
242 1987 282 2032 sa
298 1969 432 2033 semme.
486 1969 533 2034 Et
555 1971 617 2047 dit,
645 1989 687 2052 qe
704 1970 867 2052 Ingeram
883 1971 1069 2053 Berenger,

119 2068 307 2152 Maucelyn
324 2069 467 2134 Musard
492 2077 526 2135 et
543 2068 566 2134 J
569 2070 660 2134 ohan
675 2069 868 2154 Cymmyge
892 2071 1069 2136 travaille·

117 2177 203 2246 rent,
233 2177 269 2234 et
291 2170 390 2234 hrent
414 2171 490 2234 leur
516 2171 617 2252 peine
644 2189 666 2234 a
689 2178 800 2234 cestes
823 2171 945 2235 choses
971 2171 1067 2237 faire.

118 2270 163 2335 Et
187 2269 253 2346 dit,
280 2289 323 2353 qe
347 2270 403 2334 Sir
427 2270 591 2351 Ingeram
615 2271 790 2352 Berenger
815 2279 901 2354 vynt
926 2291 949 2335 a
975 2273 1023 2356 ly,
1048 2291 1069 2336 a

118 2370 287 2446 Arundel,
313 2391 355 2434 en
380 2391 421 2436 sa
447 2369 631 2435 chaumhre
659 2380 825 2435 amount
853 2371 888 2434 la
913 2372 1066 2455 chapele.

117 2471 162 2535 Et
189 2471 251 2548 dit,
275 2489 319 2553 qe
345 2471 378 2534 le
406 2489 530 2554 evesqe
552 2471 595 2534 de
613 2470 793 2534 Loundres
823 2471 859 2554 ly
882 2472 1025 2537 eideroit
1047 2493 1069 2538 a

116 2572 150 2636 la
166 2571 383 2636 deliverance
399 2590 487 2634 soun
503 2571 602 2649 frere,
621 2570 663 2634 de
679 2578 788 2654 quant
804 2567 862 2655 q’il
878 2573 986 2638 avoit.
1022 2574 1069 2639 Et

117 2679 229 2736 costes
246 2671 348 2736 chose
363 2671 388 2734 il
406 2679 529 2735 conust
544 2677 634 2736 estre
649 2673 773 2750 versis,
790 2679 876 2737 etse
893 2681 971 2738 sent
989 2692 1068 2738 cou-

116 2773 218 2856 pable
237 2770 295 2854 q'il
322 2791 358 2835 se
375 2771 636 2837 malveisement
656 2779 755 2854 porte
773 2792 815 2836 en
832 2773 1010 2838 desesance
1025 2775 1068 2838 de

116 2894 204 2939 soon
232 2873 371 2954 seignor
390 2872 471 2953 lige,
491 2880 528 2936 et
549 2873 591 2937 de
614 2891 654 2936 sa
675 2893 814 2951 corone,
839 2893 903 2956 par
923 2865 1003 2939 abet
1025 2875 1067 2939 de

117 2995 173 3038 ces
197 2973 385 3039 avant-dit.
438 2972 485 3037 Et
510 2992 547 3038 se
569 2972 632 3037 mit
654 2972 696 3037 de
717 2980 771 3038 tut
788 2992 809 3036 a
826 2974 861 3037 la
877 2964 1019 3038 volunte
1035 2975 1069 3039 le

116 3076 180 3153 roi,
199 3075 243 3138 de
259 3074 356 3138 venir
372 3091 475 3136 nusse
491 3093 533 3136 en
556 3093 597 3137 sa
617 3072 765 3138 chemise
785 3072 1001 3139 aLoundres
1024 3093 1067 3138 cn

115 3183 210 3240 ceste
235 3174 314 3252 vile,
342 3193 387 3238 ou
413 3193 478 3256 par
499 3174 535 3238 la
556 3194 602 3238 ou
629 3174 662 3238 le
687 3174 740 3238 roi
764 3173 896 3238 voudra
918 3173 1066 3250 ordiner,

115 3277 263 3358 [ovesqe
275 3276 308 3357 l]
326 3293 394 3338 une
417 3274 519 3339 corde
543 3282 668 3339 entour
683 3294 770 3339 soun
786 3274 852 3352 col,
868 3273 910 3338 de
924 3273 1010 3338 seire
1025 3272 1067 3340 de

113 3376 148 3460 ly
171 3396 236 3441 ceo
252 3395 295 3459 qe
310 3375 346 3457 ly
362 3372 496 3457 pleira.’

166 3477 250 3540 Hoc
273 3494 375 3552 anno,
391 3475 482 3538 circa
503 3473 648 3538 mediam
667 3473 991 3557 Quadragesimam,
1010 3480 1191 3582 V³·0E1{³J;{⁰3}¹

115 3579 211 3642 eavit
236 3575 381 3640 ecclesia
406 3574 541 3651 Sarum,
561 3593 623 3658 per
649 3581 794 3640 mortem
817 3575 974 3658 magistri
993 3575 1067 3640 Ro-

113 3678 188 3761 geri
204 3677 249 3741 de
266 3676 481 3754 Mortivaus3
508 3674 564 3738 cui
582 3673 734 3740 eeclesiae
752 3695 845 3758 pape
859 3675 1010 3760 providit
1025 3675 1068 3740 de

113 3778 273 3844 Roberto
290 3776 332 3840 de
348 3775 500 3859 Wyvile,
519 3775 578 3859 qui
595 3775 733 3862 scripsit
750 3777 915 3860 speciales
935 3776 1068 3841 litteras

111 3879 257 3964 reginae,
278 3879 352 3942 viro
379 3874 628 3960 ¹competenter
652 3875 845 3954 illitterato,
869 3885 905 3940 et
931 3877 1069 3941 minime
1110 3879 1111 3882 ’

147 4132 157 4163 ¹
175 4130 302 4194 ‘utique’
313 4129 397 4178 Hrll'o
412 4127 583 4189 ecl.;-‘suffi·
607 4127 741 4190 agreeable
760 4131 786 4175 to
805 4125 847 4175 the
869 4127 989 4175 simation
1007 4127 1069 4188 wy-

111 4205 218 4265 cienter,
239 4206 270 4251 ut
292 4200 433 4262 dicebatur,
455 4199 583 4261 litterato,'
606 4198 666 4246 ville
683 4197 806 4259 occupied
822 4197 904 4246 under
919 4195 961 4247 the
977 4213 1068 4260 queen.

111 4269 238 4325 Heorae’r
248 4273 302 4331 ed.;
314 4269 399 4318 which
416 4269 448 4318 he
464 4269 582 4331 explains
609 4268 718 4330 Heme,
730 4269 804 4318 Hem.
816 4271 873 4318 892.

111 4346 146 4408 by
166 4336 397 4403 ‘mediocriter,’e
419 4354 492 4390 sense
513 4353 581 4388 more
615 4363 619 4372 ,
