3010 5030
474 493 694 546 cunourcort.
996 479 1060 542 163

155 648 288 712 Eodem
320 669 421 727 anno,
457 652 550 718 circa
578 652 703 716 festum
727 651 875 718 ,Natalis
904 653 1059 732 Dourru,
1072 671 1225 761 {afflat

108 766 220 812 comes
252 747 440 828 Hauoniae,
469 753 529 834 qui
553 772 591 816 se
615 753 762 816 asseruit
783 773 899 835 regem
926 755 1059 832 Frisiae,
1072 772 1203 840 ineuntur

15 879 16 926 ,
107 849 186 930 quia
208 849 387 914 Frisenses
402 852 587 916 noluerunt
603 851 726 916 ditioni
742 871 815 916 suae
838 855 874 917 iu
899 833 1208 962 omnibus{liot‘tj‘uffgidu⁰¹1

107 949 355 1032 obtemperare,
381 951 483 1016 duxit
512 972 627 1016 secum
657 951 847 1017 exercitum
870 955 1059 1037 copiosum,
1072 972 1192 1021 inexpedi-

1073 1023 1118 1062 tion
1127 1024 1173 1062 into

105 1049 191 1112 iram
209 1068 309 1112 suam
324 1051 360 1115 in
379 1051 556 1116 Frisenses
572 1052 830 1133 vindicaturus;
855 1055 911 1117 cui
927 1055 1061 1120 restite-
1073 1073 1188 1114 reatina.

108 1155 187 1213 runt
205 1149 397 1228 Frisenses,
414 1153 501 1216 etin
517 1153 677 1217 comitem
693 1171 802 1236 aquas
816 1154 922 1218 maris
937 1154 1063 1219 ducen-

15 1265 16 1310 t
109 1254 172 1326 tes,
198 1248 313 1332 ipsum
339 1270 417 1314 cum
443 1252 567 1336 majori
594 1259 693 1335 parte
722 1253 896 1318 exercitus
923 1255 979 1317 sui
1002 1255 1062 1318 de·

108 1356 312 1426 merserunt,
336 1347 423 1415 alios
440 1351 542 1417 aliter
560 1353 784 1435 perimerunt,
801 1353 920 1436 sicque
943 1371 1062 1418 omnes

15 1449 16 1470 ¹
106 1448 321 1513 lamentabili
344 1452 418 1514 neci
443 1451 680 1516 tradiderunt:
704 1471 782 1535 quoe
807 1453 944 1535 quidem
968 1470 1062 1519 mors

108 1549 182 1630 regi
214 1556 251 1613 et
280 1550 409 1631 reginae
438 1549 578 1636 Anglioe
612 1553 678 1616 fuit
709 1553 859 1616 maxime
890 1552 1060 1630 dolorosa,

108 1668 150 1711 ex
176 1669 219 1712 eo
237 1649 330 1732 quod
352 1670 467 1716 comes
491 1651 677 1734 praedictus
695 1653 814 1716 extitit
839 1652 946 1717 frater
970 1654 1062 1738 ejus-

108 1748 184 1812 dem
223 1749 366 1832 reginae,
403 1759 438 1816 et
482 1752 614 1817 amicus
655 1753 747 1834 regis
781 1752 912 1816 solidus
948 1761 984 1818 et
1009 1773 1063 1818 se·

15 1845 16 1852 '
108 1868 222 1913 curus

108 2091 256 2139 chamon
281 2094 409 2142 POPULI
436 2091 628 2141 GOMMUNIS
651 2093 798 2141 CONTRA
832 2092 1063 2141 PROVISORES.

159 2192 237 2238 REX
271 2193 534 2241 TRANSFRE'I'AT
565 2193 605 2240 IN
633 2192 837 2241 FRANGIAM.
891 2192 1063 2240 PRAELIUM

160 2291 259 2340 APUD
283 2292 431 2342 GRESSY.
485 2293 558 2340 REX
586 2292 755 2341 FRANGIAE
781 2292 963 2341 FUGA'I'UR.

158 2450 270 2516 Aurio
293 2453 434 2517 Dorum
451 2452 633 2516 millesimo
651 2451 892 2516 trecentesimo
915 2451 1063 2534 quadra·
1077 2467 1167 2517 Porular

1036 2553 1043 2566 ,
1076 2519 1196 2557 discurrent

110 2552 241 2634 gesimo
259 2560 373 2630 sexto,
401 2553 622 2637 pontificatus
646 2571 728 2617 vero
751 2570 852 2634 papae
876 2551 1063 2615 Clementis
1076 2568 1202 2618 esnethe

1055 2653 1061 2666 ,
1076 2620 1139 2658 mode
1147 2618 1171 2657 ol

112 2653 203 2717 sexti
229 2671 320 2718 anno
338 2654 471 2736 quinto,
487 2659 522 2716 et
544 2649 643 2734 regni
676 2653 769 2733 regis
786 2651 949 2716 Edwardi
972 2652 1063 2717 tertii
1077 2670 1217 2756 levyinrfnro·

109 2772 131 2816 a
157 2761 348 2836 conquestu
375 2752 549 2830 vicesimo,
571 2759 652 2835 post
677 2750 802 2816 festum
828 2751 963 2814 Natalis
989 2752 1063 2814 Do·
1077 2728 1196 2818 llllllgl

114 2869 209 2930 urm,
236 2873 298 2916 rex
323 2874 345 2916 a
373 2853 502 2937 populo
529 2871 593 2916 suo
615 2853 800 2928 communi,
832 2870 910 2914 cum
936 2850 1064 2914 auditis
1076 2831 1123 2860 ¹¹⁸*

116 2952 323 3017 clamoribus
345 2961 380 3016 et
397 2952 557 3037 querelis,
583 2972 625 3016 eo
653 2951 744 3035 quod
771 2950 968 3034 provisores
992 2951 1063 3013 vic-

112 3053 258 3116 tualium
275 3072 338 3135 pro
356 3052 512 3136 hospitio
527 3071 591 3116 suo
610 3071 648 3114 se
666 3052 754 3115 male
771 3050 964 3113 habueruut
978 3049 1067 3113 inter

111 3153 290 3235 populum,
302 3155 392 3217 bona
406 3173 482 3231 sua,
494 3152 625 3216 scilicet
637 3150 753 3228 blada,
765 3150 908 3226 foenum,
917 3149 1065 3225 literam,

108 3273 205 3330 oves,
222 3255 343 3330 borea,
365 3272 483 3330 aucae,
501 3261 537 3316 et
559 3252 719 3334 gallinas,
739 3268 859 3315 carnes
883 3256 919 3313 et
942 3249 1066 3332 pisces,

111 3359 148 3416 et
169 3352 336 3437 quicquid
359 3353 475 3417 mandi
503 3352 630 3435 potuit,
653 3350 840 3434 capientes,
858 3350 927 3413 imo
948 3350 1067 3432 potius

108 3453 297 3534 rapientes
320 3453 473 3537 nihilque
490 3453 675 3528 solventes,
692 3451 857 3534 praecepit
873 3457 912 3513 ut
928 3448 1068 3534 justitia

109 3553 209 3616 lieret
244 3553 351 3636 juxta
394 3562 687 3635 transgressorum
728 3550 915 3632 demerita3
963 3568 1067 3631 super

107 3653 248 3736 quibus,
264 3652 485 3737 inquisitione
510 3659 626 3734 capta,
653 3651 769 3734 plures
796 3649 962 3732 comperti
992 3647 1066 3712 fue-

108 3759 192 3816 runt
227 3752 417 3836 culpabiles
447 3752 482 3816 iu
513 3752 578 3816 hac
604 3759 715 3834 parte,
742 3749 833 3814 unde
863 3748 1003 3831 quidam
1020 3767 1066 3811 ex

107 3851 288 3936 praedictis
305 3853 485 3916 subierunt
500 3851 733 3934 suspendium,
750 3848 890 3932 quidam
907 3867 990 3912 vero
1012 3868 1066 3910 re-

108 3952 346 4034 demptionem
362 3951 530 4029 fecerunt,
547 3953 598 4016 ita
617 3950 710 4034 quod
732 3951 767 4013 in
787 3956 963 4032 posterum
979 3946 1066 4010 didi·

107 4058 234 4116 cerunt
250 4053 387 4116 cautius
403 4052 586 4134 negotiari.

164 4150 266 4216 Circa
291 4151 384 4215 idem
419 4159 555 4234 tempus
586 4150 744 4214 dominus
771 4167 846 4226 rex,
876 4145 1067 4230 percipiens
1080 4165 1198 4255 {iiiiii

106 4271 157 4316 ex
177 4253 346 4315 communi
362 4250 502 4333 querela
525 4249 616 4332 quod
633 4250 816 4334 justitiarii
845 4249 898 4312 sui
921 4248 956 4311 in
972 4266 1069 4311 curra
1081 4269 1157 4307 sauses
1166 4267 1190 4304 or

894 4381 912 4415 ru
925 4372 940 4416 2
