3010 5030
419 472 483 536 114
751 492 786 537 n.
811 486 1024 537 numnuru.

417 647 540 730 cipalis
556 646 771 731 justiciarius
797 654 832 711 et
857 645 1074 712 consiliarius
1103 647 1194 730 regis
1217 645 1367 727 Angliae.

419 747 522 812 Circa
542 746 632 812 idem
650 754 786 829 tempus
806 746 893 812 obiit
917 747 1043 812 ibidem
1060 746 1219 812 dominus
1239 746 1370 810 Henri-

418 862 480 912 cus
501 849 683 931 episcopus
705 847 968 924 lincolniensis,-
986 847 1185 930 principalis
1206 846 1368 911 consilia-

417 949 489 1013 rius
516 949 608 1030 regis
633 948 786 1032 ejusdem
813 949 848 1012 in
872 944 1029 1030 partibus
1050 947 1309 1026 transmarinis3
1335 953 1371 1010 et

418 1049 636 1133 postmodnm
648 1049 714 1112 init
728 1048 857 1113 electus
872 1049 1086 1114 concorditer
1100 1049 1268 1130 magister
1276 1047 1372 1111 Tho-

418 1169 493 1214 mas
516 1149 558 1214 de
576 1148 664 1227 Bek,
691 1150 750 1234 qui
770 1155 911 1233 propter
931 1161 1103 1214 rumorem
1128 1148 1372 1214 reservationis

419 1267 532 1334 papea,
548 1250 650 1314 iactae
666 1250 710 1314 de
726 1251 871 1314 ecclesia
887 1249 1131 1326 Lincolniensi,
1143 1249 1370 1332 apostolicam

420 1350 535 1414 sedem
554 1351 663 1415 adivit
675 1356 697 1430 3¹
721 1347 796 1434 [ubi
814 1350 880 1414 init
896 1349 955 1415 diu
973 1350 1048 1414 sine
1070 1349 1292 1434 expeditione
1308 1349 1369 1413 da·

420 1457 548 1528 tentus,
563 1451 654 1515 sicut
667 1450 810 1514 inferius
827 1450 1020 1534 apparebit.

471 1551 570 1632 [Hoc
592 1569 683 1614 anno
705 1551 796 1614 circa
823 1551 949 1615 festum
984 1543 1234 1615 Decollationis
1257 1551 1369 1614 saneti

371 1639 379 1655 ’
419 1651 593 1716 Johannis
626 1652 797 1733 Baptistae
825 1650 891 1714 fuit
916 1659 1104 1733 prorogata
1125 1657 1250 1731 treuga
1281 1652 1372 1714 inter

420 1753 531 1817 dictos
562 1768 661 1833 reges
692 1769 802 1834 usqne
834 1751 877 1814 ad
918 1751 1044 1815 festum
1086 1750 1226 1815 Natalis
1259 1752 1371 1814 sancti

418 1853 443 1919 J
446 1853 591 1916 ohannis
614 1852 784 1934 Baptistae
802 1851 959 1933 proxime
985 1858 1066 1916 tunc
1082 1853 1279 1935 sequentis3
1300 1871 1370 1914 non

421 1954 583 2018 obstante
599 1951 690 2036 quod
713 1968 775 2015 rex
794 1949 931 2034 Angliae
949 1959 984 2016 et
1003 1953 1142 2035 quidam
1158 1953 1213 2015 sui
1228 1952 1371 2016 comites

421 2053 583 2118 fecissent
610 2056 755 2134 magnas
778 2052 994 2134 provisiones
1020 2053 1161 2116 navium
1186 2058 1221 2116 et
1239 2045 1372 2116 victua-

421 2155 505 2218 lium
523 2172 642 2220 versus
658 2160 775 2236 partes
791 2154 1054 2233 transmarinas3
1078 2161 1112 2217 at
1130 2153 1248 2217 statim
1266 2153 1372 2216 licen-

422 2256 518 2320 tiata
544 2254 684 2318 suerunt
708 2271 816 2318 naves
844 2253 888 2316 ad
913 2253 1106 2318 faciendum
1130 2255 1372 2328 mercationes

423 2363 458 2420 et
483 2355 553 2419 alia
578 2369 656 2437 quae
680 2354 829 2418 vviderint
854 2350 1028 2436 expedire.
1088 2353 1134 2417 Et
1149 2355 1289 2418 vacavit
1309 2372 1372 2416 rex

423 2455 663 2520 venationibus
700 2461 736 2519 et
768 2453 985 2528 hastiludiis;
1023 2453 1095 2531 sed,
1129 2453 1249 2518 audito
1279 2453 1372 2536 qnod

424 2555 540 2620 David
557 2554 590 2618 le
609 2556 723 2637 Brnys
740 2554 783 2617 de
802 2555 951 2619 Francia
967 2556 1063 2633 venit
1076 2554 1113 2617 in
1128 2553 1293 2631 Scotiam,
1309 2555 1377 2618 eol·
1435 2605 1440 2614 .

423 2656 510 2738 legit
536 2650 791 2719 multitudinem
807 2662 1018 2720 armatorum
1047 2662 1259 2737 praetereas
1286 2671 1372 2738 quos

424 2771 540 2820 secum
571 2755 727 2819 adduxit.
793 2755 896 2819 Circa
924 2755 1050 2820 festum
1078 2755 1190 2819 sancti
1216 2754 1377 2820 Matthaei

425 2856 544 2920 habuit
566 2875 629 2920 rex
652 2856 834 2920 concilium
858 2855 1045 2920 multorum
1064 2853 1252 2920 Londoniis
1267 2875 1379 2938 usque

425 2956 469 3020 ad
484 2956 608 3020 festum
620 2957 732 3020 sancti
744 2953 939 3032 Michaelis,
951 2963 986 3019 et
1002 2972 1124 3039 parum
1138 2956 1251 3030 ultra;
1276 2957 1376 3038 quic·
1497 2951 1498 2954 ’

425 3056 507 3139 quid
525 3057 560 3119 in
578 3075 619 3120 ea
634 3064 732 3140 parte
745 3057 835 3120 foret
853 3055 1045 3120 consultius
1061 3050 1267 3133 laciendum,
1284 3056 1380 3139 quod

425 3156 555 3221 facturn
571 3156 648 3234 fuit,
666 3172 757 3221 anno
775 3157 934 3240 proximo
952 3156 1142 3239 apparebit.

477 3256 576 3338 [Hoc
591 3275 682 3321 anno
697 3259 863 3322 miserunt
879 3257 1039 3321 Britones
1050 3257 1094 3321 ad
1111 3274 1227 3340 regem
1241 3257 1384 3339 Angliae

427 3373 491 3439 pro
508 3358 640 3422 auxilio
667 3358 853 3422 obtinendo
879 3364 1001 3422 contra
1026 3357 1225 3441 Philippum
1247 3358 1290 3422 de
1307 3357 1382 3424 Va·

427 3456 516 3541 loys,
536 3458 596 3540 qui
623 3464 703 3540 post
735 3465 879 3522 mertem
915 3458 1012 3522 ducis
1043 3455 1235 3522 Britanniae
1261 3466 1296 3522 et
1322 3480 1382 3524 eo·
1497 3449 1498 3510 ἒ

428 3556 521 3622 mitis
561 3557 801 3622 Richmundiae
839 3557 950 3622 noluit
988 3559 1170 3623 admittere
1208 3557 1382 3641 ⁹[verum]
1497 3623 1498 3640 Σ

429 3656 612 3735 haeredem,
643 3658 704 3721 sed
734 3658 841 3722 alium
873 3659 1085 3741 subrogare3
1128 3655 1310 3724 offerentes
1346 3681 1386 3725 se

430 3758 519 3822 velle
535 3777 557 3821 a
576 3773 657 3840 rege
677 3758 817 3840 Angliae
842 3765 959 3823 tenere
979 3759 1163 3824 ducatum:
1188 3779 1383 3843 superque
1497 3797 1498 3822 t

430 3859 497 3923 snit
522 3860 580 3923 diu
598 3859 835 3936 deliberatum,
852 3859 911 3923 sed
930 3857 1014 3923 nihil
1031 3859 1160 3924 factum
1177 3859 1242 3924 hoc
1259 3880 1363 3926 anno.

467 4077 476 4109 ¹
494 4079 564 4128 Here
577 4080 643 4128 Coti.
657 4081 697 4128 Cl.
714 4081 746 4130 E.
758 4093 813 4130 vm.
831 4079 893 4128 ends
918 4080 998 4138 ward,
1006 4079 1091 4128 which
1099 4081 1153 4128 will
1164 4081 1195 4128 be
1207 4082 1280 4142 given
1289 4083 1385 4135 below.

432 4151 474 4198 the
503 4153 627 4212 murenae,
649 4149 699 4198 and
722 4149 893 4211 immediately
918 4147 995 4198 What
1006 4149 1105 4199 lollows
1115 4151 1139 4198 is
1149 4149 1212 4199 irorn
1225 4151 1289 4214 Reg.
1297 4153 1384 4206 Α.13.

433 4234 493 4283 goes
504 4232 537 4269 on
545 4219 608 4268 with
619 4235 635 4268 a
645 4219 746 4282 pressae
757 4225 783 4269 to
794 4235 811 4269 a
821 4220 894 4270 letter
919 4220 952 4270 A.
963 4233 1035 4270 xvnr.
1046 4224 1070 4270 4.

433 4291 496 4340 from
506 4291 549 4340 the
560 4290 623 4352 king
636 4291 665 4340 oi
679 4286 789 4340 Bavarla
806 4295 831 4339 to
843 4291 893 4339 Ed·
954 4286 964 4316 ²
980 4289 1131 4355 ‘videlicet'
1142 4291 1202 4342 MS.
