3036 5032
275 1913 351 1952 Prtncc

274 1963 364 2003 Edward

272 2018 357 2053 returns
365 2015 389 2052 to

274 2064 379 2114 Euglaud.

431 484 495 549 190
525 536 527 540 .
764 503 798 551 s.
823 501 1037 550 uuaruuru.

493 647 605 708 Dentes
619 669 671 729 pro
685 670 753 729 rege
766 653 894 729 genitum
907 653 1010 732 patrui,
1025 653 1087 711 sine
1100 653 1174 730 lege,

493 747 547 805 Ille
562 749 716 807 vocabatur
729 748 832 828 Phelp,
845 750 881 809 de
895 770 952 829 quo
965 751 1021 811 Jon
1036 759 1196 828 generatur.

496 844 629 922 Regnum
644 845 821 905 Francorum
834 848 928 906 tenuit
941 848 1014 906 benc
1026 857 1128 906 neuter
1141 866 1250 906 eorum.

494 941 618 1001 Bellicus
631 952 750 1002 eventus
764 944 865 1021 probat
878 944 942 1016 hoc,
957 945 1037 1004 testis
1051 944 1192 1003 violentus

494 1036 598 1098 Nullus
611 1040 738 1110 miretur,
753 1041 777 1098 si
792 1040 912 1100 Francia
924 1042 1000 1100 mole
1013 1050 1157 1119 gravetur,

495 1135 575 1194 Dum
590 1137 716 1213 sequitur
730 1156 801 1215 pura
814 1147 901 1215 negat
915 1138 1058 1197 Eduardo
1072 1158 1124 1196 suu
1133 1137 1208 1214 jura.

493 1233 579 1298 Quod
593 1233 663 1311 petit
678 1233 761 1292 ¹huic
774 1233 864 1305 detur,
879 1243 947 1293 tunc
961 1234 1082 1294 Francia
1095 1233 1265 1312 pacificetur„

492 1329 550 1389 Jon
564 1330 642 1388 velut
655 1331 781 1390 intrusus
795 1340 839 1390 est
852 1331 970 1390 floribus
984 1332 1044 1410 ipsc
1057 1332 1193 1390 reclusus.

493 1427 533 1485 Et
547 1427 621 1485 sinat
634 1427 775 1487 Eduardo
789 1447 854 1486 cum
868 1429 938 1487 flore
951 1428 1009 1514 frui
1023 1427 1165 1507 leopardo,

494 1523 541 1584 Sic
553 1544 622 1583 vero
636 1525 752 1604 pacifica
766 1535 821 1584 stet
835 1525 967 1597 Francia,
981 1545 1058 1583 nunc
1072 1526 1195 1582 inimica.
1276 1551 1279 1556 ¹

493 1621 567 1680 Haec
581 1642 646 1701 quae
661 1624 765 1701 scripta
777 1623 858 1700 legis,
873 1623 977 1682 tollunt
991 1622 1154 1682 discrimina
1167 1622 1252 1698 regis,

494 1719 579 1784 Quod
592 1739 650 1777 non
663 1720 795 1798 pacificos
808 1720 856 1780 hic
869 1720 1011 1790 distruxit,
1026 1720 1076 1779 sed
1089 1719 1218 1799 iniquos!

484 1904 594 1972 Auno
621 1909 762 1973 Dorum
786 1925 1006 1985 ucocnvu„
1029 1915 1065 1972 ct
1086 1908 1176 1990 regis
1193 1905 1392 1988 Anglorum

436 2008 598 2073 Edwardi
627 2009 721 2074 tertii
746 2029 836 2074 anno
852 2029 969 2087 xxxi„
994 2008 1085 2074 circa
1113 2008 1238 2072 festum
1262 2007 1393 2073 Pentc-

435 2118 567 2186 costen,
585 2110 777 2176 Edwardus
806 2111 966 2194 princeps
983 2107 1134 2187 wallia,
1151 2109 1193 2172 dc
1211 2108 1394 2174 Vasconia

435 2211 472 2274 in
496 2209 659 2297 Angliam
693 2211 841 2288 rediens,
868 2217 903 2274 ct
929 2209 952 2274 J
955 2229 1099 2274 oannem
1131 2229 1247 2292 regem
1278 2209 1392 2274 Fran-

436 2329 553 2374 corum
570 2331 685 2375 secum
710 2312 895 2388 adducens,
914 2328 947 2373 v,
966 2310 1021 2374 die
1046 2309 1134 2374 Maii
1159 2311 1195 2374 in
1217 2319 1320 2392 portu
1347 2310 1394 2374 de

438 2410 660 2494 Plymmouth
688 2412 724 2476 in
748 2411 907 2477 Devonia
930 2430 1035 2475 sanus
1051 2410 1237 2494 applicuit;
1262 2416 1299 2475 et
1316 2419 1393 2475 sta-

437 2511 499 2575 tim
531 2512 626 2578 missi
649 2520 746 2576 ‚sunt
774 2513 809 2578 in
833 2510 1009 2596 Angliam‚
1040 2531 1085 2576 ex
1121 2518 1220 2594 parte
1259 2511 1396 2575 domini

435 2631 550 2695 papae,
567 2613 635 2676 duo
652 2613 842 2678 cardinales
869 2633 932 2696 pro
958 2632 1043 2696 pace
1060 2611 1279 2676 reformanda
1300 2611 1396 2676 inter

343 2779 349 2790 ⁶
435 2712 504 2777 duo
522 2733 650 2794 regna;
678 2713 800 2778 tertius
828 2713 1013 2778 cardinalis
1042 2712 1137 2778 venit
1165 2712 1201 2776 in
1224 2710 1394 2794 Angliam

436 2813 551 2894 gratia
573 2814 735 2896 visitandi
760 2834 876 2897 regem
895 2813 1134 2878 Francorumz·
1158 2813 1324 2895 quivero
1357 2815 1395 2877 in

275 2921 405 2970 novicum
437 2912 566 2996 Anglia
592 2933 654 2998 per
681 2913 853 2978 biennium
878 2921 958 2978 sunt
977 2914 1112 2994 morati.
1176 2912 1256 2992 Quo
1283 2914 1394 2978 ctiam

274 2975 298 3012 ot
303 2973 403 3013 Scotland

275 3025 293 3064 la
302 3024 410 3064 lihcratcd.

437 3034 539 3090 anno,
557 3014 649 3078 circa
665 3014 790 3080 festum
807 3014 969 3080 Omnium
988 3013 1206 3090 Sanctorum,
1223 3013 1395 3078 liberatus

436 3123 490 3179 est
507 3115 622 3179 David
639 3114 671 3178 lc
689 3116 816 3198 BruyS,
843 3135 906 3178 rex
933 3114 1070 3193 Scotiae,
1089 3115 1131 3179 do
1155 3113 1290 3178 diutina
1312 3134 1396 3178 cus-

437 3215 544 3290 todia,
577 3234 647 3298 qua
678 3217 715 3280 in
747 3223 862 3280 castro
887 3215 929 3280 de
958 3215 1395 3298 Odyampcrx1.unnos

432 3315 565 3399 jugiter
600 3318 793 3394 tenebatur,
820 3334 948 3397 magna
974 3315 1130 3400 pecunia
1158 3333 1293 3378 summa
1321 3335 1397 3380 me·

437 3414 579 3480 diante.²
610 3467 613 3476 .

491 3514 573 3580 Hoc
599 3534 737 3598 quoque
769 3535 872 3593 anno,
900 3516 938 3579 in
967 3515 1116 3579 Francia
1142 3520 1219 3579 orta
1244 3522 1298 3579 est
1330 3516 1399 3581 illa

437 3635 565 3698 magna
590 3616 766 3693 comitiva,
784 3635 868 3698 gens
892 3615 966 3680 sine
993 3617 1106 3700 capite
1124 3616 1289 3692 vocitata,
1312 3636 1399 3698 quac

437 3717 547 3782 multa
570 3716 750 3798 dispendia
774 3718 892 3782 intulit
911 3713 1160 3798 Francigcnis.³
1211 3715 1301 3780 Item
1325 3715 1398 3782 hoc

472 3931 481 3964 ¹
498 3927 589 3994 ‘hinc,’
602 3935 662 3985 MS.
925 3936 1063 3985 surrection
1074 3937 1123 3984 and
1134 3936 1296 3988 lawlessness
1306 3937 1338 3986 of
1352 3939 1400 3989 the

473 4001 550 4064 ²*His
578 4018 686 4067 ransom,
713 4006 848 4068 according
875 4011 900 4055 to
923 4011 1042 4068 pensante
1075 4008 1168 4068 during
1201 4006 1244 4056 the
1278 4010 1401 4059 troubles

438 4074 577 4136 Knighton,
588 4090 642 4124 was
653 4091 715 4126 xxx.
727 4076 780 4125 mil.
792 4076 835 4136 li.;
853 4091 900 4125 one
923 4077 1008 4126 which
1026 4076 1145 4126 followed
1162 4077 1205 4127 the
1227 4078 1355 4140 captivity
1374 4082 1406 4130 ol
1507 4097 1508 4114 ³

436 4143 494 4194 hall
507 4145 535 4193 of
549 4145 633 4194 which
647 4160 701 4195 was
718 4147 780 4207 paid
795 4151 822 4196 at
839 4147 901 4196 Ber·
924 4147 987 4210 king
997 4147 1075 4206 John,
1089 4147 1140 4197 and
1151 4148 1294 4198 sometimes
1307 4149 1400 4199 called

437 4216 548 4264 wickon
559 4215 601 4264 the
612 4212 695 4278 king‘s
706 4217 807 4266 arrival.
924 4217 967 4268 the
988 4220 1094 4268 warde
1114 4218 1139 4268 la
1157 4218 1306 4278 Jacqucrie.
1345 4220 1400 4272 See

458 4361 460 4368 ,
473 4283 483 4314 ⁸
499 4285 561 4334 This
572 4301 653 4336 scema
663 4291 689 4336 to
700 4287 800 4348 referto
812 4288 853 4336 the
865 4288 902 4336 iu-
926 4288 991 4338 intra
1002 4288 1036 4338 ad
1047 4303 1105 4338 ann.
1118 4292 1192 4351 1³61,
1203 4302 1247 4350 pp.
1257 4291 1314 4351 194,
1322 4293 1386 4340 195.
