3010 5030
500 463 724 510 cuuorvrcou.
1024 447 1089 510 135

131 628 182 685 ter
206 622 399 698 naviculas,
423 607 606 686 Dominica
631 620 721 684 infra
749 627 892 684 octavas
918 619 1086 702 Assump-

129 722 235 785 tionis
281 723 415 786 venerit
457 741 564 805 prope
603 721 722 785 littora
756 717 946 785 Britanniae
980 720 1086 804 juxta

129 831 282 886 castrum
309 830 345 888 et
373 821 490 886 villam
513 829 639 886 vocata
664 821 788 895 Brast;
826 820 884 883 ubi
918 820 983 883 suit
1015 820 1201 936 diffidit&

130 926 202 983 tum
231 928 384 986 castrum
413 929 449 986 et
471 921 555 986 villa
588 931 659 984 tam
682 941 743 1003 per
768 939 861 983 mare
890 939 995 1002 quam
1021 939 1084 1003 per

129 1025 270 1098 terram,
296 1041 359 1105 per
385 1022 528 1086 comites
554 1023 596 1086 de
617 1020 737 1103 Bloys,
764 1018 959 1096 Sabaudiae,
982 1019 1084 1084 etde

130 1119 237 1204 Foys‚
277 1141 339 1203 per
368 1120 532 1204 majorem
565 1121 757 1203 potentiam
795 1118 894 1201 regni
924 1120 1083 1183 Franciae

11 1231 12 1234 ’
127 1220 280 1283 obsessa.
341 1220 410 1284 Sed
432 1221 509 1285 visa
537 1220 648 1284 classe
669 1220 810 1283 navium
827 1216 1082 1302 praedictarum,

128 1327 161 1382 et
192 1337 232 1382 se
260 1319 412 1403 undique
438 1320 625 1392 involutos,
649 1326 720 1383 tres
750 1319 873 1401 galeae,
896 1326 1081 1401 autequam

128 1436 236 1482 naves
265 1428 408 1502 possent
437 1427 565 1483 terram
598 1437 734 1502 capere,
759 1418 851 1500 fugae
881 1418 1081 1501 praesidium

127 1518 313 1598 petierunt.
365 1519 413 1584 Et
427 1520 583 1584 undecim
608 1519 730 1600 galeae,
747 1537 893 1600 quarum
916 1525 987 1582 tres
1009 1518 1082 1582 fue-

127 1626 210 1681 runt
231 1621 468 1701 permaximae,
492 1618 665 1702 quoddam
687 1619 815 1682 flumen
840 1636 942 1700 aquae
962 1637 1079 1682 recen-

129 1718 172 1780 tis
194 1716 289 1782 illius
315 1726 436 1801 portus
456 1720 614 1784 strictum
642 1725 677 1782 et
699 1725 832 1782 arctum
850 1717 1080 1795 intraverunt,

11 1903 12 1908 ἵ
126 1817 185 1880 sed
218 1825 255 1882 et
286 1817 395 1899 galeis
423 1819 584 1895 dimissis,
605 1818 649 1882 ad
680 1825 808 1882 terram
836 1816 1014 1899 fugerunt;
1044 1827 1080 1884 et

125 1925 198 1984 tam
237 1917 318 1999 ipsi,
346 1937 449 2001 quam
489 1918 686 1982 obsidentes
712 1918 863 1982 castrum
895 1925 930 1982 et
961 1917 1079 1983 villam

125 2035 187 2098 per
209 2023 350 2095 terram,
376 2018 498 2082 relicta
523 2017 714 2095 obsidione,
733 2025 769 2081 et
789 2017 938 2100 quodam
964 2025 1079 2082 castro

11 2157 12 2200 4
126 2125 253 2180 vocato
282 2115 550 2194 Goule·Forest,
576 2137 647 2182 una
675 2137 753 2182 cum
782 2115 1000 2194 victualibus,
1027 2117 1079 2180 di-

124 2217 232 2279 misso
250 2235 373 2296 vacuo,
391 2225 615 2283 recesserunt.
683 2217 813 2281 Nautae
838 2236 920 2280 vero
940 2215 1081 2298 Anglici

123 2316 358 2398 insequentes
382 2318 494 2382 dictas
524 2317 682 2384 undecim
706 2317 837 2399 galeas,
855 2335 934 2380 cum
952 2305 1079 2400 'parvis

127 2415 297 2480 naviculis
320 2425 356 2480 et
385 2418 528 2499 bergile,
553 2417 838 2482 combusserunt:
863 2417 982 2499 sicque
1007 2436 1079 2481 om·

126 2535 186 2579 nes
209 2515 352 2598 Anglici
377 2516 422 2579 ad
449 2525 576 2582 terram
604 2517 857 2599 applicuerunt,
875 2516 1081 2600 fueruntque

125 2635 203 2680 cum
231 2615 360 2697 gaudio
383 2624 417 2680 et
435 2617 758 2698 honore'susccpti3
783 2635 824 2680 ac
850 2616 1081 2682 discurrentes

127 2736 187 2797 per
209 2717 371 2798 patriam,
396 2717 591 2793 indiscrete,
609 2717 779 2780 neminem
808 2715 868 2797 qui
894 2717 1080 2794 resisteret,

126 2816 343 2880 invenerunt.
396 2815 526 2880 Postea
541 2835 635 2892 vcro,
653 2815 892 2896 recolligentes
915 2836 964 2894 se,
987 2816 1080 2881 ordi·

126 2922 300 2978 naverunt
332 2915 434 2978 simul
462 2924 498 2980 et
527 2914 710 2980 discretius
741 2915 896 2997 equitare
926 2935 989 2998 per
1020 2934 1081 2997 pa-

128 3015 251 3092 triam;
282 3032 323 3077 ac
343 3015 518 3078 dominum
537 3015 579 3079 de
603 3015 674 3098 Say
689 3014 853 3078 custodiae
875 3015 959 3078 dicti
974 3015 1079 3078 castri

127 3114 168 3178 de
186 3113 444 3178 Goule-Forest
465 3115 730 3198 deputaverunt,
748 3119 783 3176 et
807 3093 972 3196 majorem
1000 3133 1080 3195 par-

126 3221 194 3277 tem
225 3214 365 3277 navium
390 3215 428 3276 iu
452 3212 617 3296 Angliam
645 3233 708 3296 pro
735 3212 826 3293 regis
852 3213 1000 3277 transitu
1027 3233 1080 3276 ro-

126 3314 312 3376 miserunt:
338 3311 524 3395 1[quorum
548 3319 665 3378 nautae
693 3312 862 3395 praemissi
888 3314 1004 3378 omnia
1019 3333 1079 3396 per

124 3413 280 3477 ordinem
297 3412 516 3495 retulerunt]

186 3512 319 3576 Postea
357 3531 440 3576 vero
474 3513 588 3578 dictus
629 3532 744 3577 comes
777 3512 1079 3595 Northamptoniae

126 3612 265 3695 scripsit
292 3611 430 3676 domino
455 3613 529 3694 regi
545 3612 696 3694 Angliae,
719 3614 823 3696 quod,
851 3613 969 3676 habito
996 3631 1078 3675 cou-

127 3711 203 3776 silio
234 3712 278 3775 ab
304 3709 359 3773 his
377 3713 436 3794 qui
463 3712 657 3776 habuerunt
680 3713 838 3777 notitiam
864 3712 998 3794 patriae,
1017 3731 1078 3793 pro

127 3811 261 3874 meliori
278 3811 396 3874 extitit
419 3813 675 3888 concordatum,
692 3813 784 3894 quod
808 3813 875 3894 ipsi
901 3831 938 3874 se
965 3811 1079 3874 trabe·

127 3917 202 3974 rent
238 3929 360 3974 versus
398 3917 549 3975 castrum
583 3920 618 3975 et
652 3912 769 3975 villam
801 3931 879 3994 quae
901 3910 1080 3974 Monsieur

129 4010 233 4075 Relix
253 4011 444 4091 vulgariter
461 4018 696 4095 nuncupatur,
722 4017 757 4074 et
771 4010 897 4074 ibidem
914 4010 1079 4073 insultum

439 4234 448 4265 ¹
467 4236 590 4298 Omitted,
608 4237 684 4298 Nero,
695 4235 729 4284 D.
738 4249 763 4283 Χ.
