3010 5030
478 487 700 536 canonicos.
1002 473 1067 538 125

116 644 155 709 ad
168 643 457 729 supplicationem
472 647 674 712 nunciorum
686 655 892 727 vestrorum,
904 649 1066 714 duximus
1080 667 1186 709 meua.

115 747 345 825 annuendum,
362 754 398 811 et
415 748 611 812 condictum
636 756 690 813 est
712 769 815 832 super
833 749 898 814 hoc
918 752 1009 833 quod
1032 751 1066 814 in
1079 719 1175 810 ’ἔῖἷὲιῖἶὲ

116 847 200 912 sesto
217 849 329 912 sancti
345 847 454 925 Petri,
470 848 562 932 quod
581 849 707 914 dicitur
722 850 782 913 ‘ad
797 849 971 929 Vincula,’
987 872 1067 916 con·

116 949 251 1012 venient
270 948 363 1032 apud
382 947 593 1033 Auntoygne
612 969 720 1032 prope
734 951 932 1014 Turnacum
948 972 1069 1035 procn-

115 1055 244 1112 ratores
278 1067 339 1112 seu
363 1050 571 1114 mediatores
603 1051 699 1132 pacis
722 1070 767 1116 ex
790 1058 938 1134 utraque
958 1062 1069 1135 parte,

116 1149 156 1212 ad
171 1148 392 1214 tractandum
409 1169 512 1233 super
529 1150 623 1215 dicta
638 1170 735 1233 pace,
749 1171 811 1235 per
827 1152 899 1215 Dru
919 1153 1068 1233 gratiam

114 1248 341 1325 reformanda,
353 1269 456 1333 quam
473 1270 609 1333 semper
628 1259 795 1334 quantum
812 1252 928 1317 decuit
943 1255 1068 1336 quaesi·

115 1351 238 1428 vimus,
262 1356 297 1414 et
315 1352 428 1433 parati
448 1371 579 1430 eumue,
598 1371 675 1416 cum
698 1372 773 1416 eam
798 1351 924 1416 habere
941 1355 1070 1437 poteri·

116 1469 188 1513 mus
216 1451 470 1528 rationabilem,
498 1459 701 1534 acceptare;
737 1460 772 1516 et
795 1453 896 1517 valde
918 1454 1071 1537 placeret

116 1551 225 1629 nobis,
249 1557 285 1614 et
307 1551 465 1629 multum,
483 1558 523 1615 ut
543 1571 734 1635 speramus
756 1552 921 1636 adjiceret
944 1555 987 1618 ad
1011 1574 1070 1636 pa·

11 1727 12 1736 ¹
117 1671 199 1728 cem,
224 1651 256 1715 si
279 1653 392 1716 nuntii
413 1652 519 1717 vestri
543 1653 614 1716 illic
645 1652 851 1717 mediatores
870 1655 1070 1719 amicabiles

115 1751 331 1817 interessent.
381 1750 571 1835 ¹[Vestrae]
604 1751 707 1817 etiam
736 1754 946 1818 sinceritatis
968 1755 1070 1820 affec-

11 1855 12 1858 ’
118 1859 182 1929 tus,
202 1871 307 1936 quem
333 1852 468 1917 habetis
495 1852 538 1916 ad
562 1852 746 1917 fovendum
774 1855 864 1919 inter
885 1863 1020 1920 vestros
1036 1864 1072 1920 et

116 1960 253 2019 nostros
271 1953 428 2018 subditos
443 1953 638 2017 dilectionis
654 1961 689 2018 et
709 1956 958 2019 communionis
976 1957 1071 2039 paci·
1183 1954 1187 1962 '

116 2053 176 2117 fiee
193 2053 461 2132 firmamentum,
483 2055 583 2117 nobis
615 2053 800 2119 admodum
825 2065 878 2118 est
897 2064 1071 2138 acceptus.

11 2149 12 2152 ’
117 2153 209 2218 Nam
233 2155 331 2219 norit
358 2153 461 2219 Dans
479 2155 570 2238 qnod
590 2155 681 2218 inter
708 2163 823 2219 cetera
839 2156 988 2221 corditer
1010 2176 1071 2239 ap·

116 2256 277 2337 petimus,
302 2261 341 2318 ut
371 2255 526 2320 secundae
551 2255 744 2319 dilectionis
774 2257 968 2338 integritas,
992 2277 1071 2340 quae

115 2355 205 2419 inter
237 2355 357 2420 domos
385 2362 522 2421 nostras
556 2357 671 2439 regias
701 2357 811 2438 viguit
842 2357 886 2420 ab
913 2357 1069 2440 antiquo,

117 2455 241 2520 vestris
275 2456 442 2540 suscipiat
469 2458 681 2539 temporibus
707 2457 967 2523 incrementum.
1026 2458 1072 2523 Et

117 2557 217 2621 valde
242 2558 422 2621 turbamur
444 2557 583 2640 quando
608 2556 734 2621 damna
756 2559 812 2623 vel
833 2559 969 2643 injuriae
995 2561 1072 2623 snb

116 2656 195 2721 ditis
232 2656 358 2722 vestris
395 2677 457 2740 per
492 2665 629 2722 nostros
671 2658 828 2723 subditos
851 2659 1071 2738 *inferuntur

116 2777 191 2822 cnm
211 2765 348 2822 vestros
367 2758 461 2823 velut
488 2766 625 2824 nostros
650 2759 798 2824 civiliter
822 2767 857 2823 et
881 2762 1074 2825 amabiliter

117 2865 269 2922 tractare
298 2858 464 2923 volumus.
519 2859 620 2923 Unde
640 2859 766 2924 decens
791 2860 882 2924 foret
904 2869 940 2924 et
965 2881 1072 2944 expe-

117 2958 226 3037 diens,
245 2959 351 3041 qnod,
372 2958 415 3023 de
433 2960 482 3024 sic
507 2960 691 3024 inferendis
708 2960 841 3023 damnis
865 2967 899 3023 et
924 2961 1072 3046 injuriis,

117 3058 273 3142 poenales
302 3067 338 3123 et
372 3059 538 3125 districtae
573 3061 792 3125 inhibitiones
824 3059 944 3123 fierent
971 3061 1072 3124 dictis

116 3160 263 3225 subditis
287 3159 367 3223 hinc
395 3166 430 3224 et
456 3161 547 3237 inde,
565 3179 643 3224 cum
675 3161 868 3244 adjectione
897 3163 1073 3244 praecepti,

117 3261 207 3343 quod
225 3267 348 3325 mutuo
366 3262 658 3325 communicarent
673 3261 827 3345 pacifice,
844 3268 879 3325 et
895 3262 931 3325 in
949 3283 1075 3345 oppor-

116 3361 326 3425 tunitatibus
342 3380 380 3426 se
397 3363 525 3426 mutuis
540 3361 681 3426 auxiliis
703 3363 957 3445 praevenirent3
982 3363 1074 3446 quod

117 3460 345 3526 libentissime
362 3481 406 3526 ex
424 3469 523 3544 parte
546 3469 666 3527 nostra
681 3462 754 3527 fieri
773 3462 950 3541 faciemus,
967 3464 997 3526 si
1012 3484 1073 3528 vo·

117 3563 170 3625 bis
186 3561 300 3626 sacere
316 3557 484 3645 placrierit
494 3562 580 3626 illud
597 3563 703 3642 idem;
723 3583 829 3646 supra
844 3584 913 3647 quo
924 3571 1073 3628 vestram

117 3662 280 3727 festinam
297 3670 333 3727 et
348 3664 529 3728 amabilem
542 3664 641 3728 nobis
661 3665 753 3728 mitti
770 3665 918 3747 petimus
931 3684 1072 3747 respon-

116 3781 247 3840 suram,
265 3770 301 3826 et
322 3763 503 3828 invenietis
522 3763 566 3828 ad
588 3762 665 3841 hoc,
681 3771 717 3828 et
742 3765 811 3828 alia
836 3773 952 3830 vestra
973 3767 1072 3830 bene-

116 3864 260 3947 placita,
278 3865 453 3929 exanimo
470 3884 533 3929 nos
548 3872 702 3947 paratos,

161 3964 268 4030 ‘Dat
280 3964 373 4047 apud
391 3965 513 4030 turrim
528 3963 698 4030 Londonii
714 3981 784 4029 xu.
796 3964 851 4029 die
866 3964 889 4030 J
892 3966 964 4030 unii
982 3986 1073 4031 anno

116 4065 215 4148 regni
248 4065 359 4130 nostri
390 4064 530 4148 Angliae
559 4065 825 4149 quintodecimo,
859 4066 957 4149 regni
991 4086 1073 4132 nero

117 4166 228 4230 nostri
247 4165 405 4230 Franciae
423 4166 597 4232 secundo.'

490 4317 497 4348 ¹
516 4320 630 4382 ‘Prins,'
642 4321 703 4369 MS.
