3020 5030
425 490 470 555 6⁴2
773 508 806 553 n.
822 503 1038 553 memnone.

266 687 373 728 mmm
428 675 504 734 tant
526 687 601 733 com
626 670 649 733 il
675 669 768 752 poeit
786 687 807 732 a
825 676 917 733 ceste
933 667 1037 732 chose
1053 666 1151 732 faire.
1205 667 1251 731 Et
1269 666 1321 731 dit
1336 686 1379 750 qc

265 738 414 829 ῗὲἶῖἶῗιέἶὶι
428 789 556 835 mesme
585 769 662 856 cely
688 769 724 834 S‘
742 768 838 834 Will.
863 770 939 833 rint
966 786 988 831 a
1014 768 1051 851 ly
1072 767 1115 831 de
1136 786 1200 850 par
1223 766 1323 850 ΗιιςΘ
1347 768 1379 833 lc

429 871 636 954 Despenser,
653 889 696 954 qe
711 871 748 955 ly
762 870 814 934 dit
826 868 885 953 q'il
898 868 1023 934 serroit
1042 868 1221 932 bienseant
1244 868 1305 952 q’il
1328 867 1380 934 fut

429 991 557 1056 ovesqe
579 973 637 1058 ly;
662 971 726 1036 kar
748 972 772 1035 il
798 971 861 1047 dit,
878 990 921 1053 qe
936 970 961 1034 il
976 969 1083 1034 seroit
1099 989 1181 1034 soor
1196 968 1239 1033 de
1261 969 1297 1034 lo
1320 968 1380 1034 de·

429 1072 601 1137 liveronce
616 1091 659 1136 en
680 1071 759 1136 bref
776 1079 899 1152 temps.
952 1069 998 1134 Et
1013 1069 1077 1148 dit,
1094 1089 1137 1154 qe
1152 1069 1208 1133 Sir
1224 1069 1321 1133 Will.
1338 1070 1379 1134 de

430 1173 595 1250 Derham,
612 1171 707 1237 clerk
723 1171 764 1235 de
781 1189 837 1235 ses
862 1171 981 1235 lettres
1006 1178 1041 1234 ct
1058 1169 1146 1233 frere
1164 1168 1319 1248 Thomas
1336 1171 1379 1234 de

431 1272 620 1337 Brounfeld
646 1272 761 1336 forent
784 1291 873 1335 ceux
900 1290 945 1353 qe
971 1271 1049 1352 plus
1074 1271 1110 1354 ly
1126 1267 1321 1334 ahetterent
1344 1277 1379 1335 et

429 1374 619 1437 enticerent
637 1392 659 1437 a
681 1380 773 1437 ceste
793 1371 915 1436 choses
937 1371 1085 1435 susdites
1110 1369 1205 1436 faire.
1257 1370 1304 1434 Et
1329 1372 1379 1435 dit

430 1494 473 1557 qe
496 1474 552 1537 Sir
572 1474 705 1538 Robert
732 1473 773 1537 de
793 1471 956 1536 Taunton
979 1471 1021 1534 de
1042 1478 1122 1553 part
1142 1471 1174 1535 le
1197 1490 1379 1555 ercevcsqe

429 1575 472 1639 de
503 1573 657 1640 Evirwih
687 1593 731 1639 eu
761 1591 917 1654 messege
942 1571 984 1636 de
1015 1591 1071 1636 ces
1099 1571 1220 1636 choses
1255 1581 1378 1637 avant·

430 1675 512 1753 dite,
535 1682 570 1739 et
591 1675 616 1740 li
639 1674 689 1739 dit
715 1671 774 1758 q’il
800 1674 895 1738 avoit
921 1680 1015 1755 prest
1033 1690 1065 1736 v.
1083 1673 1195 1736 milles
1215 1671 1250 1738 li.
1271 1673 1378 1737 acele

431 1776 593 1857 besoigne
625 1774 756 1839 snsdite
781 1794 869 1856 pour
897 1773 993 1851 faire,
1019 1779 1055 1837 ot
1080 1791 1142 1837 ceo
1170 1773 1213 1836 de
1233 1771 1379 1854 l'argent

430 1875 486 1939 Sir
503 1875 590 1957 Hug
606 1875 648 1939 de
664 1876 811 1952 D--‚
828 1880 864 1938 et
882 1873 932 1937 dit
950 1893 993 1957 qe
1012 1893 1122 1937 meme
1139 1874 1215 1958 cely
1233 1873 1289 1938 Sir
1304 1874 1377 1938 Ro·
1454 1909 1460 1923 ·

429 1977 516 2053 bert,
533 1982 568 2040 et
582 1976 666 2040 deus
682 1975 788 2039 freres
803 1974 989 2057 prechours
999 1993 1042 2056 qe
1056 1980 1138 2038 sunt
1153 1973 1234 2038 hors
1245 1973 1287 2038 de
1300 1974 1377 2040 lour

430 2077 541 2154 ordre,
558 2077 600 2140 de
616 2095 708 2161 qnex
730 2073 800 2139 l'un
823 2094 860 2138 sc
882 2074 946 2139 fait
968 2073 1098 2156 apellet
1114 2073 1294 2139 Edmunde
1314 2075 1377 2140 So-

429 2197 529 2259 vage,
560 2185 595 2241 et
624 2175 747 2240 l'autre
773 2174 901 2253 Johan,
926 2174 1039 2239 furent
1066 2175 1099 2238 le
1132 2173 1303 2240 brokonrs
1335 2176 1377 2240 de

429 2284 523 2342 ceste
549 2277 727 2359 bosoigne.
785 2276 831 2340 Et
858 2275 921 2348 dit,
944 2295 987 2358 qc
1010 2274 1066 2339 Sir
1090 2273 1211 2341 Fouke
1239 2274 1272 2340 le
1300 2275 1378 2341 Fitz

429 2377 564 2461 Waryn
579 2379 653 2442 vint
669 2396 692 2440 o
708 2376 780 2459 lya
796 2375 1062 2454 westmonstre,
1081 2383 1115 2442 et
1138 2375 1174 2460 ly
1187 2376 1274 2460 pria,
1291 2385 1327 2442 et
1343 2378 1379 2462 ly

429 2477 542 2542 entica
559 2478 601 2541 de
622 2483 715 2542 ceste
733 2475 836 2541 chose
859 2495 1048 2553 comencer,
1066 2484 1100 2540 et
1123 2476 1159 2559 ly
1176 2475 1340 2542 'enhaudi
1359 2497 1379 2542 a

429 2585 523 2641 ceste
550 2577 670 2642 choses
699 2576 794 2642 faire.
847 2576 894 2641 Et
914 2577 950 2660 ly
973 2576 1025 2640 dit
1045 2596 1088 2660 qe
1112 2595 1171 2641 seo
1199 2579 1324 2643 serroit
1347 2579 1378 2643 le

430 2678 507 2760 plus
538 2684 641 2760 grant
672 2677 808 2742 honour
838 2697 881 2761 qe
919 2696 1028 2760 unqes
1058 2677 1094 2761 ly
1122 2685 1242 2762 avynt,
1273 2687 1308 2744 et
1343 2680 1379 2764 ly

428 2777 488 2854 dit,
523 2779 585 2862 q'il
610 2778 755 2843 aideroit
780 2797 826 2842 ou
851 2797 964 2860 corps
997 2797 1082 2860 quer
1114 2787 1150 2843 et
1182 2785 1291 2861 quant
1319 2779 1378 2864 q'il
1495 2837 1496 2870 q

430 2878 535 2946 avoit.
597 2878 643 2944 Et
679 2878 740 2957 dit,
772 2897 816 2961 qe
851 2878 965 2945 Mons.
1000 2878 1162 2960 Ingeram
1203 2879 1380 2964 Berenger
1495 2875 1496 2962 j

429 2986 515 3064 vynt
545 2997 567 3043 e
593 2980 630 3064 ly
652 2979 694 3044 de
722 2986 802 3062 part
830 2978 866 3043 S.
895 2977 1012 3044 Johen
1040 2978 1164 3059 Peche‚
1193 2999 1236 3062 qe
1256 2980 1309 3046 fut
1337 2983 1379 3046 de
1495 3019 1496 3050 ι

429 3081 500 3144 cele
525 3081 683 3159 couvine
706 3090 742 3144 et
764 3099 786 3144 a
806 3098 871 3144 ceo
890 3079 1045 3145 mettroit
1071 3099 1160 3159 cors,
1182 3087 1220 3145 et
1241 3100 1316 3164 qor,
1343 3091 1379 3148 et

428 3190 537 3264 quent
550 3177 610 3263 q’il
623 3181 730 3246 evoit.
783 3180 830 3244 Et
844 3179 907 3258 dit,
922 3200 965 3264 qe
977 3180 1033 3244 Sir
1048 3179 1171 3265 Henry
1185 3182 1378 3249 Bemounte

429 3291 465 3346 et
481 3281 538 3346 Sir
551 3281 705 3346 Thomas
723 3280 898 3363 Roscelyn
916 3281 1091 3363 parleront
1113 3283 1244 3366 slyen
1264 3281 1377 3363 Paris,

429 3401 472 3446 en
487 3381 523 3446 lo
544 3381 729 3447 chaumbre
743 3381 776 3445 lc
792 3379 874 3444 Dulr
893 3381 1044 3461 Braban,
1061 3380 1120 3464 q'il
1147 3381 1262 3448 snsent
1283 3394 1378 3468 prest

429 3483 472 3546 de
490 3481 587 3548 venir
606 3501 649 3546 en
665 3481 867 3563 Engleterre
887 3501 930 3546 en
946 3482 1042 3547 aeide
1057 3481 1099 3546 de
1122 3491 1233 3547 cestes
1258 3492 1378 3550 avant·
1494 3475 1495 3494 ³

430 3582 531 3658 dites,
549 3589 585 3648 et
601 3575 678 3665 q'ils
702 3581 739 3665 ly
752 3582 938 3647 enticerent
956 3582 998 3646 de
1014 3589 1125 3647 cestes
1140 3581 1261 3648 choses
1278 3586 1375 3652 faire.

314 3684 317 3690 '
432 3683 479 3747 Et
502 3681 560 3766 q’il
586 3682 792 3748 ariveroient
817 3682 939 3748 devere
964 3682 1014 3747 les
1037 3683 1167 3766 parties
1189 3683 1232 3748 de
1253 3683 1377 3766 Ecoce,

430 3801 495 3866 per
509 3783 589 3846 abet
603 3781 645 3846 de
662 3781 801 3848 Donald
823 3783 856 3847 le
875 3783 986 3861 Mear,
1002 3784 1062 3868 q'il
1079 3784 1202 3849 serroit
1217 3803 1259 3849 en
1280 3788 1377 3852 aeide

430 3883 473 3948 de
498 3902 580 3962 eux,
609 3900 630 3946 e
654 3881 745 3948 celes
766 3883 887 3948 choses
911 3884 1106 3963 mointenir,
1129 3891 1165 3948 et
1189 3895 1299 3969 quant
1321 3885 1378 3971 q’il
1493 3915 1494 3960 3

429 3984 534 4066 poelt.
579 3982 659 4050 Mes
677 3985 727 4048 les
750 3991 861 4068 temps
885 3983 929 4048 de
952 3984 1030 4050 lour
1047 4005 1158 4050 venue
1184 3992 1238 4050 est
1263 4007 1376 4070 passe.
1493 3973 1494 3996 ³

430 4084 475 4149 Et
490 4083 553 4162 dit,
569 4104 613 4168 qe
630 4084 686 4149 Sir
703 4083 858 4150 Richord
873 4085 916 4149 de
930 4083 1159 4166 Pouncnett,
1175 4086 1376 4154 confessour

462 4256 611 4310 ¹‘Boudir'
622 4261 645 4310 is
656 4261 739 4310 onold
750 4265 812 4310 term
824 4261 887 4311 used
913 4261 950 4311 les
968 4261 1099 4324 oiseoux3’
1123 4257 1266 4326 ‘enhardh’
1288 4264 1315 4314 in
1334 4265 1376 4316 the

426 4332 452 4380 in
464 4331 506 4381 the
519 4331 605 4394 chose,
617 4332 668 4382 ond
680 4347 767 4390 mesos
777 4333 890 4383 ‘exciter
913 4336 976 4395 text,
982 4347 1042 4395 moy
1053 4333 1147 4394 signity
1158 4331 1293 4384 ‘excitem’
