3036 5032
487 483 747 536 eonrlnuarro.
1024 468 1092 535 183

136 642 321 726 episcopus
339 641 525 721 Roffensis,
551 649 676 726 sponte
699 663 815 708 coram
840 663 932 727 papa
960 665 1093 710 renum.

136 745 243 810 ciavit
268 745 506 828 episcopatum
530 743 750 818 Roffensem3
776 745 832 808 cui
855 764 948 827 papa
970 748 1086 830 provi-

137 845 189 914 dit
215 844 259 908 de
285 845 453 927 magistro
477 843 501 908 J
504 864 614 909 oanne
640 845 829 929 Sohepeye,
849 846 962 926 priore
983 846 1086 912 dictae
1142 833 1146 844 ’

138 945 272 1010 domus,
325 945 428 1022 Item,
444 943 509 1008 boc
540 961 631 1010 anno
658 946 817 1010 dominus
839 945 1020 1011 Walterus
1043 948 1086 1011 de

140 1043 321 1129 Bentleye,
342 1045 441 1109 miles
468 1051 504 1110 ei
529 1053 648 1110 custos
681 1046 884 1124 Britanniae,
903 1047 939 1110 in
967 1046 1088 1129 vigilia

139 1144 399 1228 assumptionis
424 1147 536 1210 beatae
566 1145 702 1222 Mariae,
729 1146 970 1210 marescallum
995 1147 1087 1230 regis

35 1250 39 1256 '
140 1245 310 1322 Francia,
328 1265 392 1310 suo
410 1265 487 1310 cum
511 1265 637 1328 magno
660 1247 828 1324 exercitu,
852 1245 960 1330 juxta
983 1248 1087 1313 Mau·

137 1367 210 1410 rem
237 1346 389 1429 gloriose
423 1345 560 1424 devicit,
590 1346 702 1429 captis
734 1347 921 1412 innumeris
954 1355 990 1413 et
1028 1368 1086 1413 oc·

136 1445 239 1513 risis}

46 1727 49 1739 ι
186 1644 297 1712 Anno
316 1648 457 1712 Dorum
476 1663 688 1725 mcccnnr„
708 1656 743 1713 et
773 1650 865 1729 regis
890 1648 1085 1734 Anglorum
1099 1669 1186 1730 nequ

139 1746 304 1814 Edwardi
320 1749 415 1813 tertii
431 1768 523 1813 anno
537 1765 675 1826 xxvu„
694 1749 759 1814 suit
777 1757 877 1815 tanta
889 1752 1028 1816 siccitas
1045 1759 1084 1816 ut
1098 1725 1194 1770 “m

138 1847 198 1912 vix
210 1867 233 1912 a
244 1867 360 1913 mense
373 1849 494 1914 Martii
502 1868 612 1932 usque
623 1849 667 1913 ad
679 1867 831 1914 mensem
843 1850 866 1914 J
871 1851 931 1916 ulii
944 1852 1085 1918 caderet

138 1956 239 2030 gutta
271 1969 375 2033 super
406 1957 544 2026 terram,
571 1950 663 2013 unde
693 1957 864 2016 sementes
895 1952 1021 2031 herbae,
1048 1960 1084 2018 ct

138 2049 254 2113 omnia
276 2049 346 2114 alia
370 2049 559 2127 fructifera,
576 2051 762 2132 perierunt.
808 2051 864 2115 Ob
881 2073 984 2135 quanr
1002 2073 1084 2117 cau·

139 2169 214 2218 sam
231 2147 367 2233 Anglia
393 2170 530 2233 semper
558 2149 680 2216 fertilis
705 2153 750 2216 ab
777 2152 947 2216 insulanis
965 2161 1084 2236 petere

137 2250 339 2318 alimoniam
358 2251 552 2330 necessario
581 2260 635 2314 est
656 2260 789 2316 coacta.
843 2253 923 2319 Hoc
942 2254 1084 2318 audiens

136 2351 208 2414 dux
226 2351 436 2416 Willielmus
452 2352 495 2416 de
522 2351 650 2416 Saland
672 2352 789 2435 plures
814 2372 933 2432 naves,
948 2354 1085 2437 siligine

139 2459 296 2528 onustas,
314 2452 359 2515 ad
373 2452 493 2516 villam
509 2451 707 2520 Londonias
724 2451 863 2519 direxit.

190 2551 273 2616 Hoc
301 2552 407 2618 etiam
436 2571 526 2616 anno
547 2553 707 2618 dominus
732 2555 907 2619 Hernicus
928 2555 970 2620 de
994 2555 1230 2619 Lan-meana

140 2653 282 2730 cestria,
315 2671 429 2717 comcs
458 2653 642 2736 Derbeyae,
672 2653 785 2719 factus
810 2662 864 2719 est
889 2657 961 2720 dux
998 2626 1229 2721 Lan-lill'ile

139 2753 278 2818 castriae
316 2753 408 2836 apud
449 2753 817 2834 westmonasterium
859 2764 894 2821 ct
930 2729 1259 2820 dominus⁰fL”⁰”“¹·'

143 2852 352 2935 Radulphus
384 2855 428 2918 de
454 2853 616 2930 stafford,
648 2874 762 2919 conres
789 2854 830 2919 de
856 2855 1008 2920 Stafford
1037 2863 1091 2920 est

138 2952 266 3019 ibidem
281 2951 449 3018 allectus.2

191 3152 302 3221 Anno
331 3153 472 3220 Domru
497 3171 701 3233 macoma,
720 3162 754 3221 et
775 3155 868 3237 regis
894 3153 1210 3239 Anglorumraoee.

141 3252 307 3320 Edwardi
338 3254 431 3320 tertii
463 3275 555 3320 anno
587 3272 736 3331 xxvrn„
764 3257 1009 3322 concordatum
1036 3225 1216 3324 estiissi'ii‘

1099 3327 1179 3365 Franco
1188 3325 1230 3364 and

140 3360 177 3418 ct
211 3354 412 3437 juramento
453 3355 640 3434 firmatum,
677 3355 766 3421 inter
810 3375 909 3438 reges
949 3356 1209 3440 Angliaenneanc

136 3461 175 3518 et
207 3455 376 3532 Franciae,
410 3465 558 3539 excepto
599 3456 693 3539 quod
736 3457 853 3539 sigilla
885 3478 1003 3523 eorum
1045 3459 1089 3524 ad

173 3597 180 3628 ¹
196 3601 252 3650 'l'he
269 3601 433 3663 Anonymoua
458 3603 564 3664 History
575 3603 604 3652 ol
626 3617 684 3666 sary
695 3603 785 3653 labcur
799 3609 824 3652 to
842 3609 899 3654 note
917 3607 979 3655 each
997 3608 1091 3657 discre-

134 3671 247 3722 Edward
259 3672 314 3722 III.
325 3673 440 3721 annexed
451 3673 485 3734 by
497 3673 601 3722 Hearne
625 3689 717 3736 pancy.
741 3705 743 3709 v

134 3749 162 3792 to
180 3743 220 3792 his
238 3742 332 3790 edition
350 3743 378 3790 of
393 3743 559 3806 Heminglord
577 3745 601 3793 ia
660 3741 748 3793 2ΤΙιίιῡ
773 3744 917 3808 paragraph
943 3745 1033 3795 should
1058 3748 1089 3796 be

136 3813 196 3862 here
208 3813 352 3875 continued,
367 3814 413 3862 but
428 3814 449 3861 it
464 3813 522 3874 only
534 3814 601 3863 coin-
625 3811 717 3876 placed
734 3815 816 3863 under
835 3819 908 3876 1351,
926 3830 955 3863 ae
978 3815 1020 3865 the
1037 3819 1091 3866 earl

135 3883 206 3933 eides
217 3883 244 3931 in
255 3897 323 3932 some
338 3882 388 3931 few
402 3898 524 3946 passages
538 3884 601 3932 with
626 3884 655 3932 cs
669 3884 757 3946 Derby
778 3899 833 3934 was
855 3887 956 3934 created
973 3886 1043 3936 duke
1065 3887 1094 3936 of

137 3968 185 4006 ,om
203 3953 359 4013 chronicler;
384 3953 541 4003 eucharin
560 3954 601 4003 lhe
627 3955 764 4004 Lancaster
784 3955 811 4003 in
837 3955 967 4017 February
985 3957 1014 4005 of
1037 3957 1092 4006 that

137 4024 204 4073 close
216 4023 245 4072 of
260 4023 302 4072 the
320 4039 382 4084 year
393 4027 466 4086 1357,
476 4024 519 4072 the
536 4040 603 4073 com·
627 4040 696 4087 year.
724 4025 766 4074 0n
778 4025 828 4073 this
839 4027 955 4074 occasion
962 4025 1093 4089 Knighton

138 4099 294 4143 mencement
321 4095 349 4141 ol
375 4097 448 4156 1362,
476 4093 518 4143 the
542 4109 603 4157 year
628 4095 750 4156 remarks,
773 4095 827 4144 that
855 4095 972 4156 previous
990 4096 1092 4146 to'this

139 4168 211 4228 1367,
234 4165 285 4213 and
308 4164 378 4212 other
401 4179 538 4226 passages;
561 4165 602 4214 the
628 4166 716 4226 period
745 4165 814 4216 there
838 4179 892 4215 was
914 4182 946 4216 no
965 4167 1050 4230 ducby
1067 4169 1093 4216 in

137 4240 188 4284 rest
204 4235 232 4284 of
243 4235 286 4284 the
302 4235 426 4284 narrative
439 4235 515 4296 being
528 4236 603 4285 much
629 4237 745 4298 England
767 4239 812 4286 but
835 4237 889 4285 that
911 4238 939 4286 of
957 4237 1092 4288 Oornwall.

138 4305 268 4367 abridged.
307 4305 332 4354 It
342 4305 428 4354 would
440 4306 471 4354 be
483 4319 604 4356 unnecee-
628 4310 703 4356 36112.
