<?xml version="1.0" encoding="UTF-8"?>
<!DOCTYPE html PUBLIC "-//W3C//DTD XHTML 1.0 Transitional//EN"
    "http://www.w3.org/TR/xhtml1/DTD/xhtml1-transitional.dtd">
<html xmlns="http://www.w3.org/1999/xhtml" xml:lang="en" lang="en">
 <head>
  <title>
</title>
<meta http-equiv="Content-Type" content="text/html;charset=utf-8" />
  <meta name='ocr-system' content='tesseract 3.04.00' />
  <meta name='ocr-capabilities' content='ocr_page ocr_carea ocr_par ocr_line ocrx_word'/>
</head>
<body>
  <div class='ocr_page' id='page_1' title='image "adamimurimuthen01hoggoog_0099.png"; bbox 0 0 3010 5030; ppageno 0'>
   <div class='ocr_carea' id='block_1_1' title="bbox 416 457 1022 523">
    <p class='ocr_par' dir='ltr' id='par_1_1' title="bbox 416 457 1022 523">
     <span class='ocr_line' id='line_1_1' title="bbox 416 457 1022 523; baseline -0.003 0"><span class='ocrx_word' id='word_1_1' title='bbox 416 457 460 523; x_wconf 81' lang='grc'>74</span> <span class='ocrx_word' id='word_1_2' title='bbox 754 474 789 520; x_wconf 81' lang='lat' dir='ltr'>n.</span> <span class='ocrx_word' id='word_1_3' title='bbox 809 471 1022 522; x_wconf 82' lang='lat' dir='ltr'>uuamurn.</span> 
     </span>
    </p>
   </div>
   <div class='ocr_carea' id='block_1_2' title="bbox 418 631 1368 720">
    <p class='ocr_par' dir='ltr' id='par_1_2' title="bbox 418 631 1368 720">
     <span class='ocr_line' id='line_1_2' title="bbox 418 631 1368 720; baseline -0.002 -22"><span class='ocrx_word' id='word_1_4' title='bbox 418 633 617 717; x_wconf 89' lang='lat' dir='ltr'>episcopum</span> <span class='ocrx_word' id='word_1_5' title='bbox 645 631 792 698; x_wconf 83' lang='lat' dir='ltr'>Eboraci</span> <span class='ocrx_word' id='word_1_6' title='bbox 811 633 932 698; x_wconf 76' lang='lat' dir='ltr'>&#39;suerat</span> <span class='ocrx_word' id='word_1_7' title='bbox 954 632 1189 709; x_wconf 88' lang='lat' dir='ltr'>confirmatus,</span> <span class='ocrx_word' id='word_1_8' title='bbox 1217 639 1253 696; x_wconf 89' lang='lat' dir='ltr'>et</span> <span class='ocrx_word' id='word_1_9' title='bbox 1285 639 1368 720; x_wconf 82' lang='lat' dir='ltr'>ante</span> 
     </span>
    </p>
   </div>
   <div class='ocr_carea' id='block_1_3' title="bbox 347 732 1370 800">
    <p class='ocr_par' dir='ltr' id='par_1_3' title="bbox 347 732 1370 800">
     <span class='ocr_line' id='line_1_3' title="bbox 347 732 1370 800; baseline -0.002 -2"><span class='ocrx_word' id='word_1_10' title='bbox 347 770 349 776; x_wconf 85' lang='lat'><em>.</em></span> <span class='ocrx_word' id='word_1_11' title='bbox 418 734 545 800; x_wconf 80' lang='lat' dir='ltr'>festum</span> <span class='ocrx_word' id='word_1_12' title='bbox 558 734 764 800; x_wconf 81' lang='lat' dir='ltr'>Natiuitatis</span> <span class='ocrx_word' id='word_1_13' title='bbox 776 734 917 799; x_wconf 79' lang='lat' dir='ltr'>Domni</span> <span class='ocrx_word' id='word_1_14' title='bbox 934 733 970 796; x_wconf 93' lang='lat' dir='ltr'>in</span> <span class='ocrx_word' id='word_1_15' title='bbox 988 732 1135 798; x_wconf 88' lang='lat' dir='ltr'>ecclesia</span> <span class='ocrx_word' id='word_1_16' title='bbox 1146 732 1295 797; x_wconf 77' lang='lat' dir='ltr'>Eboraci</span> <span class='ocrx_word' id='word_1_17' title='bbox 1314 752 1370 796; x_wconf 91' lang='lat' dir='ltr'>so·</span> 
     </span>
    </p>
   </div>
   <div class='ocr_carea' id='block_1_4' title="bbox 258 954 399 1096">
    <p class='ocr_par' dir='ltr' id='par_1_4' title="bbox 258 954 399 1096">
     <span class='ocr_line' id='line_1_4' title="bbox 259 954 386 994; baseline -0.024 0"><span class='ocrx_word' id='word_1_18' title='bbox 259 955 351 994; x_wconf 75' lang='lat' dir='ltr'>Richarrl</span> <span class='ocrx_word' id='word_1_19' title='bbox 360 954 386 992; x_wconf 83' lang='lat' dir='ltr'>de</span> 
     </span>
     <span class='ocr_line' id='line_1_5' title="bbox 258 1004 399 1054; baseline -0.014 -10"><span class='ocrx_word' id='word_1_20' title='bbox 258 1006 316 1054; x_wconf 87' lang='lat' dir='ltr'>Bury</span> <span class='ocrx_word' id='word_1_21' title='bbox 325 1004 399 1054; x_wconf 83' lang='lat' dir='ltr'>birbop</span> 
     </span>
     <span class='ocr_line' id='line_1_6' title="bbox 258 1056 392 1096; baseline 0 -3"><span class='ocrx_word' id='word_1_22' title='bbox 258 1056 392 1096; x_wconf 80' lang='lat' dir='ltr'>orDurbem.</span> 
     </span>
    </p>
   </div>
   <div class='ocr_carea' id='block_1_5' title="bbox 259 3377 397 3579">
    <p class='ocr_par' dir='ltr' id='par_1_5' title="bbox 259 3377 397 3579">
     <span class='ocr_line' id='line_1_7' title="bbox 262 3377 352 3417; baseline -0.022 0"><span class='ocrx_word' id='word_1_23' title='bbox 262 3377 352 3417; x_wconf 75' lang='lat' dir='ltr'>arvam</span> 
     </span>
     <span class='ocr_line' id='line_1_8' title="bbox 261 3427 397 3468; baseline -0.015 0"><span class='ocrx_word' id='word_1_24' title='bbox 261 3428 328 3468; x_wconf 87' lang='lat' dir='ltr'>Baliol</span> <span class='ocrx_word' id='word_1_25' title='bbox 337 3427 397 3467; x_wconf 84' lang='lat' dir='ltr'>holds</span> 
     </span>
     <span class='ocr_line' id='line_1_9' title="bbox 259 3477 364 3518; baseline -0.019 0"><span class='ocrx_word' id='word_1_26' title='bbox 259 3491 272 3518; x_wconf 84' lang='lat' dir='ltr'>a</span> <span class='ocrx_word' id='word_1_27' title='bbox 281 3477 364 3518; x_wconf 81' lang='lat' dir='ltr'>Seotlrlr</span> 
     </span>
     <span class='ocr_line' id='line_1_10' title="bbox 259 3529 394 3579; baseline -0.015 -10"><span class='ocrx_word' id='word_1_28' title='bbox 259 3529 394 3579; x_wconf 81' lang='lat' dir='ltr'>parliament.</span> 
     </span>
    </p>
   </div>
   <div class='ocr_carea' id='block_1_6' title="bbox 418 833 1369 3940">
    <p class='ocr_par' dir='ltr' id='par_1_6' title="bbox 418 833 1368 2427">
     <span class='ocr_line' id='line_1_11' title="bbox 419 833 1368 916; baseline -0.001 -18"><span class='ocrx_word' id='word_1_29' title='bbox 419 834 578 900; x_wconf 91' lang='lat' dir='ltr'>lemniter</span> <span class='ocrx_word' id='word_1_30' title='bbox 595 843 816 900; x_wconf 86' lang='lat' dir='ltr'>consecratus</span> <span class='ocrx_word' id='word_1_31' title='bbox 832 855 841 915; x_wconf 89' lang='lat'><strong>;</strong></span> <span class='ocrx_word' id='word_1_32' title='bbox 865 853 932 899; x_wconf 91' lang='lat' dir='ltr'>non</span> <span class='ocrx_word' id='word_1_33' title='bbox 951 836 1112 900; x_wconf 87' lang='lat' dir='ltr'>obstante</span> <span class='ocrx_word' id='word_1_34' title='bbox 1127 833 1219 898; x_wconf 85' lang='lat' dir='ltr'>fama</span> <span class='ocrx_word' id='word_1_35' title='bbox 1235 852 1298 916; x_wconf 89' lang='lat' dir='ltr'>per</span> <span class='ocrx_word' id='word_1_36' title='bbox 1314 840 1368 897; x_wconf 86' lang='lat' dir='ltr'>to·</span> 
     </span>
     <span class='ocr_line' id='line_1_12' title="bbox 419 933 1368 1020; baseline -0.001 -21"><span class='ocrx_word' id='word_1_37' title='bbox 419 942 490 1000; x_wconf 89' lang='lat' dir='ltr'>tam</span> <span class='ocrx_word' id='word_1_38' title='bbox 506 934 671 1018; x_wconf 84' lang='lat' dir='ltr'>Angliam</span> <span class='ocrx_word' id='word_1_39' title='bbox 689 935 841 1012; x_wconf 84' lang='lat' dir='ltr'>volante,</span> <span class='ocrx_word' id='word_1_40' title='bbox 864 936 957 1020; x_wconf 88' lang='lat' dir='ltr'>quod</span> <span class='ocrx_word' id='word_1_41' title='bbox 980 954 1073 1018; x_wconf 90' lang='lat' dir='ltr'>papa</span> <span class='ocrx_word' id='word_1_42' title='bbox 1097 936 1209 1018; x_wconf 90' lang='lat' dir='ltr'>ipsum</span> <span class='ocrx_word' id='word_1_43' title='bbox 1236 933 1368 1017; x_wconf 88' lang='lat' dir='ltr'>episco-</span> 
     </span>
     <span class='ocr_line' id='line_1_13' title="bbox 419 1034 1367 1120; baseline -0.002 -20"><span class='ocrx_word' id='word_1_44' title='bbox 419 1044 539 1119; x_wconf 89' lang='lat' dir='ltr'>patum</span> <span class='ocrx_word' id='word_1_45' title='bbox 564 1037 703 1101; x_wconf 88' lang='lat' dir='ltr'>domino</span> <span class='ocrx_word' id='word_1_46' title='bbox 726 1036 902 1101; x_wconf 86' lang='lat' dir='ltr'>Richardo</span> <span class='ocrx_word' id='word_1_47' title='bbox 929 1036 973 1100; x_wconf 92' lang='lat' dir='ltr'>de</span> <span class='ocrx_word' id='word_1_48' title='bbox 995 1037 1104 1120; x_wconf 87' lang='lat' dir='ltr'>Bury,</span> <span class='ocrx_word' id='word_1_49' title='bbox 1131 1035 1256 1100; x_wconf 88' lang='lat' dir='ltr'>clerico</span> <span class='ocrx_word' id='word_1_50' title='bbox 1283 1034 1367 1099; x_wconf 88' lang='lat' dir='ltr'>dicti</span> 
     </span>
     <span class='ocr_line' id='line_1_14' title="bbox 419 1135 1368 1220; baseline -0.003 -18"><span class='ocrx_word' id='word_1_51' title='bbox 419 1137 548 1202; x_wconf 90' lang='lat' dir='ltr'>domini</span> <span class='ocrx_word' id='word_1_52' title='bbox 566 1138 669 1220; x_wconf 78' lang='lat' dir='ltr'>regis,</span> <span class='ocrx_word' id='word_1_53' title='bbox 687 1138 732 1202; x_wconf 89' lang='lat' dir='ltr'>ad</span> <span class='ocrx_word' id='word_1_54' title='bbox 758 1156 879 1220; x_wconf 82' lang='lat' dir='ltr'>preces</span> <span class='ocrx_word' id='word_1_55' title='bbox 903 1137 1013 1220; x_wconf 89' lang='lat' dir='ltr'>ipsius</span> <span class='ocrx_word' id='word_1_56' title='bbox 1030 1136 1159 1201; x_wconf 89' lang='lat' dir='ltr'>domini</span> <span class='ocrx_word' id='word_1_57' title='bbox 1177 1135 1268 1218; x_wconf 76' lang='lat' dir='ltr'>regis</span> <span class='ocrx_word' id='word_1_58' title='bbox 1290 1155 1368 1218; x_wconf 89' lang='lat' dir='ltr'>pro-</span> 
     </span>
     <span class='ocr_line' id='line_1_15' title="bbox 418 1237 1367 1321; baseline -0.002 -20"><span class='ocrx_word' id='word_1_59' title='bbox 418 1237 545 1312; x_wconf 83' lang='lat' dir='ltr'>vidit1;</span> <span class='ocrx_word' id='word_1_60' title='bbox 570 1256 674 1321; x_wconf 89' lang='lat' dir='ltr'>quarn</span> <span class='ocrx_word' id='word_1_61' title='bbox 689 1237 818 1302; x_wconf 85' lang='lat' dir='ltr'>famam</span> <span class='ocrx_word' id='word_1_62' title='bbox 833 1237 882 1303; x_wconf 91' lang='lat' dir='ltr'>rei</span> <span class='ocrx_word' id='word_1_63' title='bbox 900 1239 1015 1302; x_wconf 81' lang='lat' dir='ltr'>exitus</span> <span class='ocrx_word' id='word_1_64' title='bbox 1033 1237 1251 1321; x_wconf 89' lang='lat' dir='ltr'>postmodum</span> <span class='ocrx_word' id='word_1_65' title='bbox 1274 1256 1367 1300; x_wconf 92' lang='lat' dir='ltr'>com·</span> 
     </span>
     <span class='ocr_line' id='line_1_16' title="bbox 419 1335 1368 1421; baseline 0 -21"><span class='ocrx_word' id='word_1_66' title='bbox 419 1336 589 1421; x_wconf 88' lang='lat' dir='ltr'>probavit.</span> <span class='ocrx_word' id='word_1_67' title='bbox 642 1338 736 1402; x_wconf 86' lang='lat' dir='ltr'>Nam</span> <span class='ocrx_word' id='word_1_68' title='bbox 766 1335 855 1403; x_wconf 90' lang='lat' dir='ltr'>idem</span> <span class='ocrx_word' id='word_1_69' title='bbox 879 1338 1037 1402; x_wconf 90' lang='lat' dir='ltr'>dominus</span> <span class='ocrx_word' id='word_1_70' title='bbox 1067 1337 1275 1414; x_wconf 85' lang='lat' dir='ltr'>Richardus,</span> <span class='ocrx_word' id='word_1_71' title='bbox 1298 1337 1368 1401; x_wconf 90' lang='lat' dir='ltr'>cito</span> 
     </span>
     <span class='ocr_line' id='line_1_17' title="bbox 419 1437 1368 1522; baseline -0.001 -21"><span class='ocrx_word' id='word_1_72' title='bbox 419 1446 499 1522; x_wconf 89' lang='lat' dir='ltr'>post</span> <span class='ocrx_word' id='word_1_73' title='bbox 519 1438 644 1503; x_wconf 85' lang='lat' dir='ltr'>festum</span> <span class='ocrx_word' id='word_1_74' title='bbox 664 1437 872 1504; x_wconf 80' lang='lat' dir='ltr'>Natiuitatis</span> <span class='ocrx_word' id='word_1_75' title='bbox 888 1440 1043 1516; x_wconf 81' lang='lat' dir='ltr'>Doumr,</span> <span class='ocrx_word' id='word_1_76' title='bbox 1066 1438 1218 1503; x_wconf 86' lang='lat' dir='ltr'>obtentis</span> <span class='ocrx_word' id='word_1_77' title='bbox 1243 1437 1368 1501; x_wconf 89' lang='lat' dir='ltr'>litteris</span> 
     </span>
     <span class='ocr_line' id='line_1_18' title="bbox 419 1537 1366 1623; baseline 0.001 -22"><span class='ocrx_word' id='word_1_78' title='bbox 419 1538 619 1622; x_wconf 84' lang='lat' dir='ltr'>apostolicis</span> <span class='ocrx_word' id='word_1_79' title='bbox 646 1559 750 1622; x_wconf 86' lang='lat' dir='ltr'>super</span> <span class='ocrx_word' id='word_1_80' title='bbox 767 1557 832 1604; x_wconf 89' lang='lat' dir='ltr'>sua</span> <span class='ocrx_word' id='word_1_81' title='bbox 853 1541 1050 1623; x_wconf 89' lang='lat' dir='ltr'>provisione</span> <span class='ocrx_word' id='word_1_82' title='bbox 1056 1537 1080 1616; x_wconf 78' lang='lat'>²,</span> <span class='ocrx_word' id='word_1_83' title='bbox 1096 1559 1134 1603; x_wconf 89' lang='lat' dir='ltr'>se</span> <span class='ocrx_word' id='word_1_84' title='bbox 1150 1538 1233 1603; x_wconf 88' lang='lat' dir='ltr'>secit</span> <span class='ocrx_word' id='word_1_85' title='bbox 1247 1546 1366 1603; x_wconf 89' lang='lat' dir='ltr'>aucto-</span> 
     </span>
     <span class='ocr_line' id='line_1_19' title="bbox 420 1639 1368 1723; baseline 0 -22"><span class='ocrx_word' id='word_1_86' title='bbox 420 1640 524 1705; x_wconf 87' lang='lat' dir='ltr'>ritate</span> <span class='ocrx_word' id='word_1_87' title='bbox 545 1640 736 1723; x_wconf 87' lang='lat' dir='ltr'>apostolica</span> <span class='ocrx_word' id='word_1_88' title='bbox 760 1640 796 1704; x_wconf 89' lang='lat' dir='ltr'>in</span> <span class='ocrx_word' id='word_1_89' title='bbox 816 1642 1026 1706; x_wconf 90' lang='lat' dir='ltr'>monasterio</span> <span class='ocrx_word' id='word_1_90' title='bbox 1042 1641 1085 1704; x_wconf 89' lang='lat' dir='ltr'>de</span> <span class='ocrx_word' id='word_1_91' title='bbox 1103 1639 1292 1721; x_wconf 85' lang='lat' dir='ltr'>Chartcsey</span> <span class='ocrx_word' id='word_1_92' title='bbox 1308 1657 1368 1722; x_wconf 88' lang='lat' dir='ltr'>per</span> 
     </span>
     <span class='ocr_line' id='line_1_20' title="bbox 419 1737 1366 1824; baseline -0.001 -21"><span class='ocrx_word' id='word_1_93' title='bbox 419 1737 1366 1824; x_wconf 82' lang='lat' dir='ltr'>dominumepiscopumWintoniensem⁸[tuncelectum</span> 
     </span>
     <span class='ocr_line' id='line_1_21' title="bbox 420 1840 1366 1922; baseline -0.002 -16"><span class='ocrx_word' id='word_1_94' title='bbox 420 1840 721 1922; x_wconf 79' lang='lat' dir='ltr'>cantuariensem]</span> <span class='ocrx_word' id='word_1_95' title='bbox 735 1843 949 1922; x_wconf 83' lang='lat' dir='ltr'>consecrari3</span> <span class='ocrx_word' id='word_1_96' title='bbox 975 1849 1042 1906; x_wconf 86' lang='lat' dir='ltr'>eta</span> <span class='ocrx_word' id='word_1_97' title='bbox 1055 1841 1193 1906; x_wconf 92' lang='lat' dir='ltr'>domino</span> <span class='ocrx_word' id='word_1_98' title='bbox 1209 1859 1291 1921; x_wconf 83' lang='lat' dir='ltr'>rege</span> <span class='ocrx_word' id='word_1_99' title='bbox 1306 1841 1366 1904; x_wconf 92' lang='lat' dir='ltr'>ob-</span> 
     </span>
     <span class='ocr_line' id='line_1_22' title="bbox 420 1941 1368 2026; baseline -0.003 -21"><span class='ocrx_word' id='word_1_100' title='bbox 420 1942 523 2006; x_wconf 84' lang='lat' dir='ltr'>tinuit</span> <span class='ocrx_word' id='word_1_101' title='bbox 544 1941 609 2007; x_wconf 90' lang='lat' dir='ltr'>sibi</span> <span class='ocrx_word' id='word_1_102' title='bbox 635 1942 839 2026; x_wconf 89' lang='lat' dir='ltr'>temporalia</span> <span class='ocrx_word' id='word_1_103' title='bbox 859 1943 968 2025; x_wconf 88' lang='lat' dir='ltr'>ipsius</span> <span class='ocrx_word' id='word_1_104' title='bbox 992 1943 1212 2025; x_wconf 85' lang='lat' dir='ltr'>episcopatus</span> <span class='ocrx_word' id='word_1_105' title='bbox 1234 1941 1368 2022; x_wconf 85' lang='lat' dir='ltr'>integre</span> 
     </span>
     <span class='ocr_line' id='line_1_23' title="bbox 418 2041 1368 2126; baseline -0.002 -21"><span class='ocrx_word' id='word_1_106' title='bbox 418 2041 568 2118; x_wconf 88' lang='lat' dir='ltr'>liberari,</span> <span class='ocrx_word' id='word_1_107' title='bbox 581 2042 672 2125; x_wconf 91' lang='lat' dir='ltr'>quod</span> <span class='ocrx_word' id='word_1_108' title='bbox 692 2043 789 2126; x_wconf 90' lang='lat' dir='ltr'>prius</span> <span class='ocrx_word' id='word_1_109' title='bbox 801 2043 894 2108; x_wconf 88' lang='lat' dir='ltr'>dicto</span> <span class='ocrx_word' id='word_1_110' title='bbox 909 2042 1077 2108; x_wconf 89' lang='lat' dir='ltr'>monacho</span> <span class='ocrx_word' id='word_1_111' title='bbox 1091 2042 1204 2106; x_wconf 89' lang='lat' dir='ltr'>facere</span> <span class='ocrx_word' id='word_1_112' title='bbox 1221 2041 1368 2122; x_wconf 86' lang='lat' dir='ltr'>denega-</span> 
     </span>
     <span class='ocr_line' id='line_1_24' title="bbox 419 2141 1367 2226; baseline -0.002 -20"><span class='ocrx_word' id='word_1_113' title='bbox 419 2143 487 2217; x_wconf 91' lang='lat' dir='ltr'>vit;</span> <span class='ocrx_word' id='word_1_114' title='bbox 508 2162 578 2226; x_wconf 91' lang='lat' dir='ltr'>quo</span> <span class='ocrx_word' id='word_1_115' title='bbox 591 2143 665 2208; x_wconf 93' lang='lat' dir='ltr'>viso</span> <span class='ocrx_word' id='word_1_116' title='bbox 682 2152 716 2208; x_wconf 90' lang='lat' dir='ltr'>et</span> <span class='ocrx_word' id='word_1_117' title='bbox 730 2143 919 2221; x_wconf 87' lang='lat' dir='ltr'>intellecto,</span> <span class='ocrx_word' id='word_1_118' title='bbox 931 2143 1019 2208; x_wconf 88' lang='lat' dir='ltr'>idem</span> <span class='ocrx_word' id='word_1_119' title='bbox 1036 2143 1225 2206; x_wconf 90' lang='lat' dir='ltr'>monachus</span> <span class='ocrx_word' id='word_1_120' title='bbox 1239 2141 1367 2206; x_wconf 87' lang='lat' dir='ltr'>electus</span> 
     </span>
     <span class='ocr_line' id='line_1_25' title="bbox 419 2243 1367 2326; baseline -0.001 -20"><span class='ocrx_word' id='word_1_121' title='bbox 419 2250 453 2308; x_wconf 90' lang='lat' dir='ltr'>et</span> <span class='ocrx_word' id='word_1_122' title='bbox 468 2252 701 2321; x_wconf 61' lang='lat' dir='ltr'>consecratus</span> <span class='ocrx_word' id='word_1_123' title='bbox 718 2244 762 2308; x_wconf 90' lang='lat' dir='ltr'>ad</span> <span class='ocrx_word' id='word_1_124' title='bbox 780 2244 967 2310; x_wconf 91' lang='lat' dir='ltr'>claustrum</span> <span class='ocrx_word' id='word_1_125' title='bbox 990 2245 1064 2308; x_wconf 89' lang='lat' dir='ltr'>sine</span> <span class='ocrx_word' id='word_1_126' title='bbox 1080 2245 1284 2326; x_wconf 86' lang='lat' dir='ltr'>episcopatu</span> <span class='ocrx_word' id='word_1_127' title='bbox 1300 2243 1367 2325; x_wconf 91' lang='lat' dir='ltr'>epi·</span> 
     </span>
     <span class='ocr_line' id='line_1_26' title="bbox 420 2343 1295 2427; baseline 0 -20"><span class='ocrx_word' id='word_1_128' title='bbox 420 2361 546 2427; x_wconf 86' lang='lat' dir='ltr'>scopus</span> <span class='ocrx_word' id='word_1_129' title='bbox 570 2352 624 2408; x_wconf 89' lang='lat' dir='ltr'>est</span> <span class='ocrx_word' id='word_1_130' title='bbox 640 2363 811 2421; x_wconf 88' lang='lat' dir='ltr'>reversus,</span> <span class='ocrx_word' id='word_1_131' title='bbox 826 2352 862 2410; x_wconf 91' lang='lat' dir='ltr'>et</span> <span class='ocrx_word' id='word_1_132' title='bbox 879 2345 948 2410; x_wconf 90' lang='lat' dir='ltr'>cito</span> <span class='ocrx_word' id='word_1_133' title='bbox 970 2351 1093 2427; x_wconf 90' lang='lat' dir='ltr'>postea</span> <span class='ocrx_word' id='word_1_134' title='bbox 1109 2343 1295 2427; x_wconf 83' lang='lat' dir='ltr'>expiravit.</span> 
     </span>
    </p>

    <p class='ocr_par' dir='ltr' id='par_1_7' title="bbox 419 2440 1369 3330">
     <span class='ocr_line' id='line_1_27' title="bbox 471 2440 1364 2528; baseline -0.003 -19"><span class='ocrx_word' id='word_1_135' title='bbox 471 2440 534 2528; x_wconf 89' lang='lat' dir='ltr'>[Et</span> <span class='ocrx_word' id='word_1_136' title='bbox 560 2443 719 2508; x_wconf 88' lang='lat' dir='ltr'>dominus</span> <span class='ocrx_word' id='word_1_137' title='bbox 749 2464 810 2508; x_wconf 89' lang='lat' dir='ltr'>rex</span> <span class='ocrx_word' id='word_1_138' title='bbox 845 2441 990 2510; x_wconf 89' lang='lat' dir='ltr'>multum</span> <span class='ocrx_word' id='word_1_139' title='bbox 1021 2445 1257 2510; x_wconf 84' lang='lat' dir='ltr'>offendebatur</span> <span class='ocrx_word' id='word_1_140' title='bbox 1282 2462 1364 2526; x_wconf 80' lang='lat' dir='ltr'>erga</span> 
     </span>
     <span class='ocr_line' id='line_1_28' title="bbox 419 2543 1368 2629; baseline 0 -21"><span class='ocrx_word' id='word_1_141' title='bbox 419 2544 549 2610; x_wconf 91' lang='lat' dir='ltr'>dictum</span> <span class='ocrx_word' id='word_1_142' title='bbox 566 2544 860 2629; x_wconf 87' lang='lat' dir='ltr'>archiepiscopum</span> <span class='ocrx_word' id='word_1_143' title='bbox 872 2546 1136 2623; x_wconf 84' lang='lat' dir='ltr'>Eboracensem,</span> <span class='ocrx_word' id='word_1_144' title='bbox 1146 2551 1289 2629; x_wconf 89' lang='lat' dir='ltr'>propter</span> <span class='ocrx_word' id='word_1_145' title='bbox 1300 2543 1368 2608; x_wconf 91' lang='lat' dir='ltr'>dic·</span> 
     </span>
     <span class='ocr_line' id='line_1_29' title="bbox 420 2645 1367 2728; baseline -0.002 -19"><span class='ocrx_word' id='word_1_146' title='bbox 420 2653 475 2709; x_wconf 87' lang='lat' dir='ltr'>tas</span> <span class='ocrx_word' id='word_1_147' title='bbox 497 2646 788 2711; x_wconf 85' lang='lat' dir='ltr'>consecrationem</span> <span class='ocrx_word' id='word_1_148' title='bbox 809 2653 844 2710; x_wconf 88' lang='lat' dir='ltr'>et</span> <span class='ocrx_word' id='word_1_149' title='bbox 861 2645 1167 2723; x_wconf 87' lang='lat' dir='ltr'>confirmationem,</span> <span class='ocrx_word' id='word_1_150' title='bbox 1184 2653 1220 2710; x_wconf 91' lang='lat' dir='ltr'>et</span> <span class='ocrx_word' id='word_1_151' title='bbox 1237 2651 1367 2728; x_wconf 90' lang='lat' dir='ltr'>tempo-</span> 
     </span>
     <span class='ocr_line' id='line_1_30' title="bbox 420 2745 1368 2829; baseline 0 -21"><span class='ocrx_word' id='word_1_152' title='bbox 420 2746 508 2811; x_wconf 89' lang='lat' dir='ltr'>ralia</span> <span class='ocrx_word' id='word_1_153' title='bbox 524 2765 588 2809; x_wconf 87' lang='lat' dir='ltr'>sua</span> <span class='ocrx_word' id='word_1_154' title='bbox 601 2747 731 2829; x_wconf 89' lang='lat' dir='ltr'>recepit</span> <span class='ocrx_word' id='word_1_155' title='bbox 747 2747 783 2810; x_wconf 95' lang='lat' dir='ltr'>in</span> <span class='ocrx_word' id='word_1_156' title='bbox 802 2765 905 2811; x_wconf 89' lang='lat' dir='ltr'>manu</span> <span class='ocrx_word' id='word_1_157' title='bbox 922 2767 997 2824; x_wconf 84' lang='lat' dir='ltr'>sua,</span> <span class='ocrx_word' id='word_1_158' title='bbox 1009 2755 1044 2811; x_wconf 91' lang='lat' dir='ltr'>et</span> <span class='ocrx_word' id='word_1_159' title='bbox 1061 2746 1171 2811; x_wconf 88' lang='lat' dir='ltr'>multa</span> <span class='ocrx_word' id='word_1_160' title='bbox 1191 2745 1260 2810; x_wconf 86' lang='lat' dir='ltr'>alia</span> <span class='ocrx_word' id='word_1_161' title='bbox 1278 2745 1368 2809; x_wconf 90' lang='lat' dir='ltr'>mala</span> 
     </span>
     <span class='ocr_line' id='line_1_31' title="bbox 422 2845 1367 2931; baseline -0.001 -21"><span class='ocrx_word' id='word_1_162' title='bbox 422 2845 532 2910; x_wconf 87' lang='lat' dir='ltr'>eidem</span> <span class='ocrx_word' id='word_1_163' title='bbox 549 2845 809 2931; x_wconf 88' lang='lat' dir='ltr'>archiepiscopo</span> <span class='ocrx_word' id='word_1_164' title='bbox 824 2848 1006 2930; x_wconf 90' lang='lat' dir='ltr'>proposuit</span> <span class='ocrx_word' id='word_1_165' title='bbox 1017 2848 1161 2921; x_wconf 83' lang='lat' dir='ltr'>secisse;</span> <span class='ocrx_word' id='word_1_166' title='bbox 1187 2846 1245 2911; x_wconf 86' lang='lat' dir='ltr'>sed</span> <span class='ocrx_word' id='word_1_167' title='bbox 1263 2847 1367 2910; x_wconf 85' lang='lat' dir='ltr'>inter·</span> 
     </span>
     <span class='ocr_line' id='line_1_32' title="bbox 423 2946 1368 3031; baseline 0.001 -22"><span class='ocrx_word' id='word_1_168' title='bbox 423 2954 530 3010; x_wconf 89' lang='lat' dir='ltr'>ventu</span> <span class='ocrx_word' id='word_1_169' title='bbox 551 2947 716 3011; x_wconf 90' lang='lat' dir='ltr'>nobilium</span> <span class='ocrx_word' id='word_1_170' title='bbox 734 2949 777 3012; x_wconf 90' lang='lat' dir='ltr'>de</span> <span class='ocrx_word' id='word_1_171' title='bbox 800 2968 919 3031; x_wconf 86' lang='lat' dir='ltr'>regno,</span> <span class='ocrx_word' id='word_1_172' title='bbox 936 2956 971 3013; x_wconf 88' lang='lat' dir='ltr'>et</span> <span class='ocrx_word' id='word_1_173' title='bbox 994 2948 1103 3031; x_wconf 88' lang='lat' dir='ltr'>ipsius</span> <span class='ocrx_word' id='word_1_174' title='bbox 1123 2948 1207 3011; x_wconf 88' lang='lat' dir='ltr'>dicti</span> <span class='ocrx_word' id='word_1_175' title='bbox 1226 2946 1368 3011; x_wconf 87' lang='lat' dir='ltr'>Ricardi</span> 
     </span>
     <span class='ocr_line' id='line_1_33' title="bbox 421 3046 1369 3132; baseline 0.001 -22"><span class='ocrx_word' id='word_1_176' title='bbox 421 3046 464 3110; x_wconf 90' lang='lat' dir='ltr'>dc</span> <span class='ocrx_word' id='word_1_177' title='bbox 482 3047 590 3131; x_wconf 91' lang='lat' dir='ltr'>Bury,</span> <span class='ocrx_word' id='word_1_178' title='bbox 608 3067 678 3131; x_wconf 87' lang='lat' dir='ltr'>pax</span> <span class='ocrx_word' id='word_1_179' title='bbox 704 3048 795 3113; x_wconf 88' lang='lat' dir='ltr'>inter</span> <span class='ocrx_word' id='word_1_180' title='bbox 816 3049 953 3112; x_wconf 88' lang='lat' dir='ltr'>eosdem</span> <span class='ocrx_word' id='word_1_181' title='bbox 977 3049 1047 3113; x_wconf 89' lang='lat' dir='ltr'>cito</span> <span class='ocrx_word' id='word_1_182' title='bbox 1070 3047 1286 3132; x_wconf 89' lang='lat' dir='ltr'>postmodum</span> <span class='ocrx_word' id='word_1_183' title='bbox 1303 3047 1369 3111; x_wconf 85' lang='lat' dir='ltr'>suit</span> 
     </span>
     <span class='ocr_line' id='line_1_34' title="bbox 421 3147 1369 3232; baseline 0.001 -23"><span class='ocrx_word' id='word_1_184' title='bbox 421 3147 617 3226; x_wconf 87' lang='lat' dir='ltr'>reformata,</span> <span class='ocrx_word' id='word_1_185' title='bbox 633 3157 666 3212; x_wconf 89' lang='lat' dir='ltr'>et</span> <span class='ocrx_word' id='word_1_186' title='bbox 683 3149 886 3232; x_wconf 89' lang='lat' dir='ltr'>temporalia</span> <span class='ocrx_word' id='word_1_187' title='bbox 901 3149 1008 3213; x_wconf 86' lang='lat' dir='ltr'>cidem</span> <span class='ocrx_word' id='word_1_188' title='bbox 1022 3149 1280 3232; x_wconf 89' lang='lat' dir='ltr'>archiepiscopo</span> <span class='ocrx_word' id='word_1_189' title='bbox 1291 3167 1369 3211; x_wconf 90' lang='lat' dir='ltr'>con-</span> 
     </span>
     <span class='ocr_line' id='line_1_35' title="bbox 422 3245 569 3330; baseline 0 -18"><span class='ocrx_word' id='word_1_190' title='bbox 422 3245 569 3330; x_wconf 79' lang='lat' dir='ltr'>cossa.]⁴</span> 
     </span>
    </p>

    <p class='ocr_par' dir='ltr' id='par_1_8' title="bbox 420 3348 1369 3835">
     <span class='ocr_line' id='line_1_36' title="bbox 473 3348 1369 3432; baseline -0.002 -19"><span class='ocrx_word' id='word_1_191' title='bbox 473 3349 554 3413; x_wconf 89' lang='lat' dir='ltr'>Hoc</span> <span class='ocrx_word' id='word_1_192' title='bbox 577 3368 666 3413; x_wconf 87' lang='lat' dir='ltr'>anno</span> <span class='ocrx_word' id='word_1_193' title='bbox 686 3349 845 3415; x_wconf 89' lang='lat' dir='ltr'>dominus</span> <span class='ocrx_word' id='word_1_194' title='bbox 861 3350 1055 3414; x_wconf 84' lang='lat' dir='ltr'>Edwardus</span> <span class='ocrx_word' id='word_1_195' title='bbox 1078 3351 1120 3415; x_wconf 88' lang='lat' dir='ltr'>de</span> <span class='ocrx_word' id='word_1_196' title='bbox 1136 3348 1289 3432; x_wconf 89' lang='lat' dir='ltr'>Ballyol‚</span> <span class='ocrx_word' id='word_1_197' title='bbox 1307 3368 1369 3412; x_wconf 81' lang='lat' dir='ltr'>rex</span> 
     </span>
     <span class='ocr_line' id='line_1_37' title="bbox 421 3449 1367 3534; baseline -0.003 -20"><span class='ocrx_word' id='word_1_198' title='bbox 421 3449 560 3526; x_wconf 84' lang='lat' dir='ltr'>Scotiec,</span> <span class='ocrx_word' id='word_1_199' title='bbox 593 3451 704 3513; x_wconf 85' lang='lat' dir='ltr'>tenuit</span> <span class='ocrx_word' id='word_1_200' title='bbox 736 3451 998 3533; x_wconf 83' lang='lat' dir='ltr'>parliamentum</span> <span class='ocrx_word' id='word_1_201' title='bbox 1031 3452 1100 3515; x_wconf 89' lang='lat' dir='ltr'>cito</span> <span class='ocrx_word' id='word_1_202' title='bbox 1133 3458 1212 3534; x_wconf 89' lang='lat' dir='ltr'>post</span> <span class='ocrx_word' id='word_1_203' title='bbox 1243 3449 1367 3513; x_wconf 84' lang='lat' dir='ltr'>sestunr</span> 
     </span>
     <span class='ocr_line' id='line_1_38' title="bbox 421 3547 1369 3634; baseline -0.001 -20"><span class='ocrx_word' id='word_1_204' title='bbox 421 3551 532 3614; x_wconf 92' lang='lat' dir='ltr'>sancti</span> <span class='ocrx_word' id='word_1_205' title='bbox 543 3549 744 3628; x_wconf 89' lang='lat' dir='ltr'>Michaelis;</span> <span class='ocrx_word' id='word_1_206' title='bbox 764 3552 807 3614; x_wconf 88' lang='lat' dir='ltr'>ad</span> <span class='ocrx_word' id='word_1_207' title='bbox 822 3553 913 3634; x_wconf 93' lang='lat' dir='ltr'>quod</span> <span class='ocrx_word' id='word_1_208' title='bbox 932 3547 1112 3617; x_wconf 89' lang='lat' dir='ltr'>⁵venerunt</span> <span class='ocrx_word' id='word_1_209' title='bbox 1127 3552 1259 3617; x_wconf 89' lang='lat' dir='ltr'>nobiles</span> <span class='ocrx_word' id='word_1_210' title='bbox 1272 3551 1369 3632; x_wconf 85' lang='lat' dir='ltr'>regni</span> 
     </span>
     <span class='ocr_line' id='line_1_39' title="bbox 420 3649 1367 3735; baseline -0.001 -20"><span class='ocrx_word' id='word_1_211' title='bbox 420 3649 573 3733; x_wconf 83' lang='lat' dir='ltr'>Angliae,</span> <span class='ocrx_word' id='word_1_212' title='bbox 591 3657 701 3714; x_wconf 89' lang='lat' dir='ltr'>terras</span> <span class='ocrx_word' id='word_1_213' title='bbox 725 3659 760 3716; x_wconf 89' lang='lat' dir='ltr'>et</span> <span class='ocrx_word' id='word_1_214' title='bbox 785 3653 1020 3735; x_wconf 88' lang='lat' dir='ltr'>possessiones</span> <span class='ocrx_word' id='word_1_215' title='bbox 1046 3653 1172 3721; x_wconf 83' lang='lat' dir='ltr'>ibidem</span> <span class='ocrx_word' id='word_1_216' title='bbox 1189 3653 1367 3728; x_wconf 88' lang='lat' dir='ltr'>habentes,</span> 
     </span>
     <span class='ocr_line' id='line_1_40' title="bbox 421 3751 1218 3835; baseline 0.005 -21"><span class='ocrx_word' id='word_1_217' title='bbox 421 3759 457 3815; x_wconf 90' lang='lat' dir='ltr'>et</span> <span class='ocrx_word' id='word_1_218' title='bbox 474 3751 570 3816; x_wconf 90' lang='lat' dir='ltr'>finito</span> <span class='ocrx_word' id='word_1_219' title='bbox 587 3751 815 3835; x_wconf 87' lang='lat' dir='ltr'>parliamento</span> <span class='ocrx_word' id='word_1_220' title='bbox 830 3761 912 3818; x_wconf 89' lang='lat' dir='ltr'>sunt</span> <span class='ocrx_word' id='word_1_221' title='bbox 927 3753 962 3816; x_wconf 93' lang='lat' dir='ltr'>in</span> <span class='ocrx_word' id='word_1_222' title='bbox 976 3773 1061 3835; x_wconf 87' lang='lat' dir='ltr'>pace</span> <span class='ocrx_word' id='word_1_223' title='bbox 1077 3753 1218 3818; x_wconf 84' lang='lat' dir='ltr'>reversi.</span> 
     </span>
    </p>

    <p class='ocr_par' dir='ltr' id='par_1_9' title="bbox 472 3850 1367 3940">
     <span class='ocr_line' id='line_1_41' title="bbox 472 3850 1367 3940; baseline 0.011 -26"><span class='ocrx_word' id='word_1_224' title='bbox 472 3850 553 3917; x_wconf 89' lang='lat' dir='ltr'>Hoc</span> <span class='ocrx_word' id='word_1_225' title='bbox 578 3871 669 3917; x_wconf 84' lang='lat' dir='ltr'>anno</span> <span class='ocrx_word' id='word_1_226' title='bbox 692 3854 802 3918; x_wconf 92' lang='lat' dir='ltr'>tenuit</span> <span class='ocrx_word' id='word_1_227' title='bbox 822 3854 979 3940; x_wconf 85' lang='lat' dir='ltr'>dominus</span> <span class='ocrx_word' id='word_1_228' title='bbox 996 3874 1058 3918; x_wconf 87' lang='lat' dir='ltr'>rex</span> <span class='ocrx_word' id='word_1_229' title='bbox 1074 3853 1209 3936; x_wconf 85' lang='lat' dir='ltr'>Angliae</span> <span class='ocrx_word' id='word_1_230' title='bbox 1229 3857 1367 3924; x_wconf 92' lang='lat' dir='ltr'>Nativi-</span> 
     </span>
    </p>
   </div>
   <div class='ocr_carea' id='block_1_7' title="bbox 420 4025 1369 4150">
    <p class='ocr_par' dir='ltr' id='par_1_10' title="bbox 420 4025 1369 4150">
     <span class='ocr_line' id='line_1_42' title="bbox 457 4025 1369 4087; baseline 0.01 -9"><span class='ocrx_word' id='word_1_231' title='bbox 457 4025 465 4056; x_wconf 87' lang='lat'>¹</span> <span class='ocrx_word' id='word_1_232' title='bbox 483 4028 548 4080; x_wconf 84' lang='lat' dir='ltr'>Hor.</span> <span class='ocrx_word' id='word_1_233' title='bbox 562 4033 625 4080; x_wconf 76' lang='lat'>3836</span> <span class='ocrx_word' id='word_1_234' title='bbox 644 4030 709 4080; x_wconf 87' lang='lat' dir='ltr'>adds</span> <span class='ocrx_word' id='word_1_235' title='bbox 726 4031 882 4080; x_wconf 83' lang='lat' dir='ltr'>‘reservavit</span> <span class='ocrx_word' id='word_1_236' title='bbox 945 4029 955 4058; x_wconf 83' lang='lat'><strong>³</strong></span> <span class='ocrx_word' id='word_1_237' title='bbox 970 4031 1052 4081; x_wconf 86' lang='lat' dir='ltr'>These</span> <span class='ocrx_word' id='word_1_238' title='bbox 1063 4034 1149 4082; x_wconf 85' lang='lat' dir='ltr'>words</span> <span class='ocrx_word' id='word_1_239' title='bbox 1166 4048 1209 4084; x_wconf 84' lang='lat' dir='ltr'>are</span> <span class='ocrx_word' id='word_1_240' title='bbox 1225 4034 1288 4084; x_wconf 78' lang='lat' dir='ltr'>from</span> <span class='ocrx_word' id='word_1_241' title='bbox 1304 4036 1369 4087; x_wconf 75' lang='lat' dir='ltr'>Har.</span> 
     </span>
     <span class='ocr_line' id='line_1_43' title="bbox 420 4095 982 4150; baseline 0.007 -4"><span class='ocrx_word' id='word_1_242' title='bbox 420 4105 446 4148; x_wconf 85' lang='lat' dir='ltr'>et</span> <span class='ocrx_word' id='word_1_243' title='bbox 456 4095 579 4150; x_wconf 83' lang='lat' dir='ltr'>contulit.&#39;</span> <span class='ocrx_word' id='word_1_244' title='bbox 909 4105 982 4150; x_wconf 75' lang='grc'><strong>3836.</strong></span> 
     </span>
    </p>
   </div>
   <div class='ocr_carea' id='block_1_8' title="bbox 434 4169 1374 4304">
    <p class='ocr_par' dir='ltr' id='par_1_11' title="bbox 434 4169 1374 4304">
     <span class='ocr_line' id='line_1_44' title="bbox 941 4169 1369 4239; baseline 0.016 -20"><span class='ocrx_word' id='word_1_245' title='bbox 941 4169 951 4200; x_wconf 88' lang='lat'>⁴</span> <span class='ocrx_word' id='word_1_246' title='bbox 969 4172 1030 4222; x_wconf 82' lang='lat' dir='ltr'>This</span> <span class='ocrx_word' id='word_1_247' title='bbox 1046 4173 1188 4234; x_wconf 81' lang='lat' dir='ltr'>paragraph</span> <span class='ocrx_word' id='word_1_248' title='bbox 1204 4191 1294 4228; x_wconf 84' lang='lat' dir='ltr'>occurs</span> <span class='ocrx_word' id='word_1_249' title='bbox 1312 4177 1369 4239; x_wconf 83' lang='lat' dir='ltr'>only</span> 
     </span>
     <span class='ocr_line' id='line_1_45' title="bbox 434 4236 1374 4304; baseline 0.005 -16"><span class='ocrx_word' id='word_1_250' title='bbox 434 4259 436 4263; x_wconf 60' lang='grc'>’</span> <span class='ocrx_word' id='word_1_251' title='bbox 456 4236 466 4266; x_wconf 82' lang='lat'><strong>¹</strong></span> <span class='ocrx_word' id='word_1_252' title='bbox 486 4240 549 4289; x_wconf 82' lang='lat' dir='ltr'>Har.</span> <span class='ocrx_word' id='word_1_253' title='bbox 567 4244 632 4290; x_wconf 78' lang='grc'>3836</span> <span class='ocrx_word' id='word_1_254' title='bbox 649 4241 713 4290; x_wconf 85' lang='lat' dir='ltr'>adds</span> <span class='ocrx_word' id='word_1_255' title='bbox 732 4241 783 4290; x_wconf 86' lang='lat' dir='ltr'>‘ad</span> <span class='ocrx_word' id='word_1_256' title='bbox 802 4241 880 4290; x_wconf 86' lang='lat' dir='ltr'>eccle·</span> <span class='ocrx_word' id='word_1_257' title='bbox 907 4243 933 4290; x_wconf 92' lang='lat' dir='ltr'>in</span> <span class='ocrx_word' id='word_1_258' title='bbox 946 4244 1022 4293; x_wconf 74' lang='lat' dir='ltr'>Curti.</span> <span class='ocrx_word' id='word_1_259' title='bbox 1034 4258 1077 4304; x_wconf 85' lang='lat' dir='ltr'>ap.</span> <span class='ocrx_word' id='word_1_260' title='bbox 1089 4243 1158 4292; x_wconf 76' lang='lat' dir='ltr'>Heli.</span> <span class='ocrx_word' id='word_1_261' title='bbox 1371 4263 1374 4266; x_wconf 96' lang='lat'>·</span> 
     </span>
    </p>
   </div>
   <div class='ocr_carea' id='block_1_9' title="bbox 421 4305 1283 4375">
    <p class='ocr_par' dir='ltr' id='par_1_12' title="bbox 421 4305 1283 4375">
     <span class='ocr_line' id='line_1_46' title="bbox 421 4305 1283 4375; baseline 0.009 -17"><span class='ocrx_word' id='word_1_262' title='bbox 421 4311 484 4369; x_wconf 77' lang='lat' dir='ltr'>siam</span> <span class='ocrx_word' id='word_1_263' title='bbox 496 4305 635 4360; x_wconf 87' lang='lat' dir='ltr'>Dunelmi.’</span> <span class='ocrx_word' id='word_1_264' title='bbox 900 4314 902 4320; x_wconf 83' lang='lat'>&#39;</span> <span class='ocrx_word' id='word_1_265' title='bbox 941 4310 1283 4375; x_wconf 72' lang='lat' dir='ltr'>⁵‘venerant,’Hur.3836.</span> 
     </span>
    </p>
   </div>
   <div class='ocr_carea' id='block_1_10' title="bbox 0 0 1514 5030">
    <p class='ocr_par' dir='ltr' id='par_1_13' title="bbox 0 0 1514 5030">
     <span class='ocr_line' id='line_1_47' title="bbox 0 0 1514 5030; baseline 0 0"><span class='ocrx_word' id='word_1_266' title='bbox 0 0 1514 5030; x_wconf 95' lang='lat' dir='ltr'> </span> 
     </span>
    </p>
   </div>
  </div>
 </body>
</html>
