3010 5030
494 479 715 528 canonicos.
1018 463 1083 528 143

15 723 16 726 ¹
131 637 224 700 bunt.
294 637 397 713 Item,
434 637 525 719 quod
558 639 589 701 si
628 658 691 721 per
725 637 872 720 aliquem
911 637 1081 704 dictorum
1093 656 1200 747 iffi}

15 749 16 752 ’
130 755 261 817 regum,
295 737 352 800 vel
379 739 532 820 gentium
565 738 797 820 alligaturum,
830 746 866 803 et
904 739 1081 823 coadjuto·
1198 731 1204 744 '

130 855 203 900 rum
223 836 390 919 ipsorum,
408 837 525 920 aliqua
547 839 700 902 obsessio
724 839 839 920 posita
863 838 909 903 sit
937 839 974 902 in
990 839 1082 902 Vas·

131 936 241 1012 conia,
260 936 317 1000 vel
340 937 375 1000 in
404 937 534 1002 ducatu
557 935 769 1020 Aquitaniae,
787 946 848 1003 aut
871 939 906 1001 in
929 939 1006 1002 aliis
1028 939 1081 1003 in·

15 1035 16 1066 ³
131 1035 213 1098 sulis
240 1037 358 1113 maris,
383 1037 419 1100 in
445 1035 656 1120 Geraeseya,
684 1036 871 1120 Gereseya,
901 1038 957 1103 vel
986 1039 1081 1112 alibi,

15 1201 17 1216 J
130 1135 213 1218 ipsae
257 1137 472 1203 obsessiones
506 1137 714 1202 lavabuntur
743 1157 848 1220 quam
877 1138 947 1202 oito
979 1138 1081 1202 diotae

130 1241 261 1318 treugae
282 1237 501 1318 pervenerint
525 1237 568 1302 ad
599 1237 758 1301 notitiam
786 1238 983 1302 eorundem.
1035 1237 1083 1301 Et

130 1335 389 1416 quatuordeeim
409 1355 580 1418 personae,
598 1337 770 1414 videlieet,
800 1345 931 1420 septem
950 1357 995 1401 ex
1014 1356 1082 1401 una

130 1443 239 1517 perte,
264 1441 300 1500 et
320 1441 452 1517 septem
469 1455 515 1500 ex
535 1435 604 1500 alia
630 1444 729 1518 parte
756 1437 924 1501 dictorum
950 1456 1081 1518 regum,

128 1534 309 1601 intrabunt
325 1535 438 1612 villae,
462 1542 588 1612 eastra,
605 1554 665 1600 seu
691 1535 869 1612 fortalitia,
888 1535 947 1600 ubi
964 1538 1081 1602 obses·

129 1634 242 1699 siones
268 1641 378 1711 erunt,
404 1643 440 1700 et
463 1635 628 1700 videbunt
657 1636 870 1716 garnisiones
896 1643 969 1700 tam
996 1655 1082 1717 gen·

15 1741 16 1778 ³
131 1734 215 1800 tium
251 1753 354 1817 quam
398 1735 598 1800 victualium
634 1755 713 1818 quae
742 1737 836 1800 intus
874 1743 997 1809 erunt;
1037 1736 1082 1799 ad

15 1825 17 1918 ξ
129 1832 229 1898 finem
248 1833 340 1916 quod
362 1834 505 1917 dieque
526 1835 686 1900 deficient
709 1836 786 1900 istae
812 1843 956 1918 treugae,
980 1835 1095 1900 dietae

130 1933 233 2011 villae,
253 1941 380 2012 castra,
396 1954 468 1998 seu
483 1933 662 2012 fortalitia,
679 1954 757 2019 quae
781 1943 896 2000 essent
920 1937 1082 2012 obsessae,

128 2035 355 2100 remanebunt
373 2041 408 2100 et
423 2043 594 2116 ponentur
612 2035 648 2098 in
669 2036 732 2099 tali
757 2055 899 2100 numero
917 2042 952 2098 et
972 2054 1082 2117 quan·

15 2141 16 2160 ,
130 2133 231 2198 titate
268 2134 477 2200 victualium.
505 2141 541 2200 et
581 2153 816 2216 personarum,
855 2135 944 2199 sieut
986 2155 1082 2217 repe·

128 2233 262 2298 riantur
275 2253 338 2316 per
350 2234 460 2299 dietas
474 2234 734 2317 quatuordecim
748 2253 925 2317 personas,
935 2242 1083 2316 excepta

128 2331 221 2397 dieta
247 2335 388 2398 civitate
408 2333 610 2411 Venetensi,
634 2334 677 2398 de
705 2354 775 2417 qua
804 2341 962 2398 servetur
990 2334 1081 2422 quod¹

127 2433 288 2515 superius
303 2441 357 2499 est
374 2452 588 2515 expressum.

15 2611 16 2622 ἶ
175 2532 304 2610 ‘Item,
319 2533 411 2617 quod
432 2534 566 2598 banniti
581 2538 617 2597 et
632 2532 771 2614 fugitivi
787 2532 829 2598 de
846 2535 960 2615 patria
976 2533 1082 2597 Flan-

127 2631 225 2709 driee,
256 2633 315 2716 qui
346 2633 485 2698 suerunt
511 2633 553 2698 de
580 2639 678 2715 parte
708 2634 800 2715 regis
818 2630 988 2710 Eranoiae,
1012 2654 1082 2698 non

127 2739 303 2812 poterunt,
332 2733 433 2799 dictis
460 2732 591 2815 treugis
618 2732 830 2809 durantibus,
858 2733 988 2798 intrare
1020 2753 1082 2797 nee

127 2832 245 2899 venire
269 2833 305 2896 in
323 2832 533 2898 Flandriam.
585 2832 633 2896 Et
653 2833 688 2898 si
697 2834 885 2914 reontingat
900 2833 993 2916 quod
1017 2833 1082 2896 ali-

128 2933 205 3013 quis
237 2934 392 3015 ipsorum
424 2934 489 2997 iret
522 2941 644 2999 contra
667 2932 779 2998 dietas
814 2940 955 3014 treugas
993 2933 1082 2996 infra

126 3051 273 3113 regnum
291 3032 447 3097 Franoiae
470 3038 506 3096 et
527 3033 601 3116 ejus
629 3051 742 3114 posse,
761 3032 859 3096 fieret
880 3031 922 3095 de
943 3050 984 3095 eo
1004 3032 1082 3114 jus·

127 3131 215 3208 titia,
245 3140 281 3198 et
309 3140 410 3197 erunt
434 3133 612 3198 forisfacto
644 3133 759 3198 omnia
786 3132 878 3195 bona
913 3149 977 3194 sua
1003 3150 1081 3213 quae

127 3241 245 3298 essent
269 3232 304 3296 in
322 3231 497 3298 Flandria.
550 3232 652 3309 Item,
670 3231 761 3316 quod
782 3231 905 3298 debita
924 3249 1002 3313 quae
1023 3230 1082 3294 de-

128 3332 255 3398 bentur
275 3333 310 3396 in
331 3333 527 3408 Attrebato,
545 3332 646 3396 dietis
664 3331 898 3414 1asuepm0is‚
918 3330 975 3396 vel
993 3330 1082 3406 aliis,

127 3431 163 3494 in
181 3451 291 3513 regno
310 3433 478 3510 Francius,
508 3452 578 3496 non
605 3438 780 3514 petantur,
798 3451 860 3495 nec
885 3430 928 3495 de
951 3431 1001 3496 eis
1021 3430 1083 3494 fiat

127 3533 302 3609 executio,
341 3533 545 3598 durantibus
588 3532 719 3612 treugis
759 3531 945 3614 praedictis.
1025 3530 1083 3594 Ita

126 3632 221 3714 quod
241 3631 358 3698 omnia
374 3633 501 3708 levata,
520 3630 773 3714 qualiacunque
795 3632 877 3708 sint,
893 3630 987 3694 iacta
1004 3637 1083 3693 onte

127 3731 240 3797 dictas
264 3739 404 3814 treugas
431 3738 584 3813 tempore
608 3750 754 3812 guerrae,
779 3730 1005 3794 remanebunt
1034 3729 1083 3792 ie·

126 3839 225 3909 vata,
252 3830 328 3896 sine
359 3831 516 3896 faciendo
539 3831 790 3914 restitutionem
820 3830 921 3894 dietis
953 3829 1083 3908 treugis

126 3931 344 3996 durantibus.

178 4031 309 4108 ‘Item,
327 4030 419 4114 quod
443 4032 479 4094 in
502 4031 578 4094 istis
601 4029 734 4111 treugis
752 4027 1085 4111 comprehendantur

127 4130 295 4213 Hispani,
329 4130 521 4207 Chatelani,
549 4129 798 4204 Provinciales,
841 4129 1023 4210 episcopus
1051 4134 1086 4190 et

359 4283 366 4312 ¹
386 4285 443 4346 sic,
461 4265 490 4334 or
500 4283 703 4346 ‘Asoreprooys‚'
717 4285 792 4345 Nero,
802 4283 870 4332 D.x.
